% -------------------------------------------------------------------------->
% -------------------------------------------------------------------------->
% Point base merging papers.
@article{Yamashita2005,
   author = {A. Yamashita},
   doi = {10.1091/mbc.E04-10-0859},
   isbn = {1059-1524 (Print)},
   issn = {1059-1524},
   issue = {3},
   journal = {Molecular Biology of the Cell},
   keywords = {NASA Discipline Evolutionary Biology,Non-NASA Center},
   month = {1},
   pages = {1378-1395},
   pmid = {15509653},
   title = {The Roles of Fission Yeast Ase1 in Mitotic Cell Division, Meiotic Nuclear Oscillation, and Cytokinesis Checkpoint Signaling},
   volume = {16},
   url = {http://www.molbiolcell.org/cgi/doi/10.1091/mbc.E04-10-0859},
   year = {2005},
}
@article{Ackmann2000,
  author          = {Ackmann, M. and Wiech, H. and Mandelkow, E.},
  doi             = {10.1074/jbc.M002590200},
  isbn            = {4940897168},
  issn            = {00219258},
  journal         = {Journal of Biological Chemistry},
  number          = {39},
  pages           = {30335--30343},
  pmid            = {10869348},
  title           = {{Nonsaturable binding indicates clustering of Tau on the microtubule surface in a paired helical filament-like conformation}},
  volume          = {275},
  year            = {2000}
}
@article{Adolphs2015,
  archiveprefix   = {arXiv},
  arxivid         = {10.1126/science.aab3050},
  author          = {Adolphs, Ralph and Anthony, Samuel E and Member, Student and Nakayama, Ken and Cox, David Daniel and Dean, Thomas and Johnson, Don H. and Lake, Brenden M. and Salakhutdinov, Ruslan and Tnenbaum, Joshua B. and Lopes-dos-santos, V{\'{i}}tor and Panzeri, Stefano and Kayser, Christoph and Diamond, Mathew E and Quiroga, Rodrigo Quian and Nienborg, Hendrikje and {R. Cohen}, Marlene and Cumming, Bruce G. and Quiroga, Rodrigo Quian and Panzeri, Stefano and Shadlen, M. N. and Newsome, W. T. and Sokoliuk, Rodika and VanRullen, Rufin and Yamins, Daniel L K and DiCarlo, James J},
  doi             = {10.1126/science.aab3050},
  eprint          = {science.aab3050},
  isbn            = {9781424422708},
  issn            = {0036-8075},
  journal         = {Science},
  keywords        = {Action Potentials,Action Potentials: physiology,Animals,Cerebral Cortex,Cerebral Cortex: cytology,Data Interpretation,Electrophysiology,Higher Nervous Activity,Higher Nervous Activity: physiology,Information Theory,Interneurons,Interneurons: physiology,Macaca mulatta,Mental Processes,Mental Processes: physiology,Models,Neural Pathways,Neural Pathways: physiology,Neurological,Reaction Time,Reaction Time: physiology,Statistical,choice probability,consciousness,decision making,future,neuroscience methods,noise correlation},
  number          = {6266},
  pages           = {1332--1338},
  pmid            = {26659050},
  primaryclass    = {10.1126},
  title           = {{Program Induction}},
  url             = {http://www.ncbi.nlm.nih.gov/pubmed/26906502{\%}5Cnhttp://www.nature.com/srep/2016/160429/srep25132/full/srep25132.html{\%}5Cnhttp://www.ncbi.nlm.nih.gov/pubmed/9570816{\%}5Cnhttp://www.annualreviews.org/doi/abs/10.1146/annurev-neuro-062111-150403{\%}5Cnhttps://www.sc},
  volume          = {19},
  year            = {2015}
}

@article{Akhmanova2008,
  author          = {Akhmanova, Anna and Steinmetz, Michel O},
  doi             = {10.1038/nrm2369},
  isbn            = {1471-0080 (Electronic)$\backslash$n1471-0072 (Linking)},
  issn            = {1471-0072},
  journal         = {Nature reviews. Molecular cell biology},
  number          = {4},
  pages           = {309--322},
  pmid            = {18322465},
  title           = {{Tracking the ends: a dynamic protein network controls the fate of microtubule tips.}},
  volume          = {9},
  year            = {2008}
}

@article{Al-Bassam2010,
  archiveprefix   = {arXiv},
  arxivid         = {NIHMS150003},
  author          = {Al-Bassam, Jawdat and Kim, Hwajin and Brouhard, Gary and van Oijen, Antoine and Harrison, Stephen C. and Chang, Fred},
  doi             = {10.1016/j.devcel.2010.07.016},
  eprint          = {NIHMS150003},
  isbn            = {1534-5807},
  issn            = {15345807},
  journal         = {Developmental Cell},
  keywords        = {CELLBIO},
  number          = {2},
  pages           = {245--258},
  pmid            = {20708587},
  publisher       = {Elsevier Ltd},
  title           = {{CLASP promotes microtubule rescue by recruiting tubulin dimers to the microtubule}},
  url             = {http://dx.doi.org/10.1016/j.devcel.2010.07.016},
  volume          = {19},
  year            = {2010}
}
@article{Al-Bassam2010a,
  author          = {Al-Bassam, Jawdat and Kim, Hwajin and Brouhard, Gary and van Oijen, Antoine and Harrison, Stephen C. and Chang, Fred},
  doi             = {10.1016/j.devcel.2010.07.016},
  isbn            = {1534-5807},
  issn            = {15345807},
  journal         = {Developmental Cell},
  keywords        = {CELLBIO},
  number          = {2},
  pages           = {245--258},
  pmid            = {20708587},
  title           = {{CLASP Supplement}},
  volume          = {19},
  year            = {2010}
}

@article{Alonso2016,
  author          = {Alonso, Sergio and Strachauer, Ulrike and Radszuweit, Markus and B{\"{a}}r, Markus and Hauser, Marcus J.B.},
  doi             = {10.1016/j.physd.2015.09.017},
  issn            = {01672789},
  journal         = {Physica D: Nonlinear Phenomena},
  keywords        = {Active gels,Biological cells,Cell motility,Pattern formation,Physarum polycephalum,Poroelastic medium},
  pages           = {58--69},
  publisher       = {Elsevier B.V.},
  title           = {{Oscillations and uniaxial mechanochemical waves in a model of an active poroelastic medium: Application to deformation patterns in protoplasmic droplets of Physarum polycephalum}},
  url             = {http://dx.doi.org/10.1016/j.physd.2015.09.017},
  volume          = {318-319},
  year            = {2016}
}

@article{ALUSHIN20141117,
  author   = {Alushin, Gregory M and Lander, Gabriel C and Kellogg, Elizabeth H and Zhang, Rui and Baker, David and Nogales, Eva},
  doi      = {https://doi.org/10.1016/j.cell.2014.03.053},
  issn     = {0092-8674},
  journal  = {Cell},
  number   = {5},
  pages    = {1117--1129},
  title    = {{High-Resolution Microtubule Structures Reveal the Structural Transitions in $\alpha$$\beta$-Tubulin upon GTP Hydrolysis}},
  url      = {https://www.sciencedirect.com/science/article/pii/S0092867414004838},
  volume   = {157},
  year     = {2014}
}


@article{AnilAnanthaswamy2015,
  author          = {{Anil Ananthaswamy}},
  journal         = {BBC Future},
  keywords        = {STORY,image,in-depth,neuroscience,psychology,story},
  pages           = {1--10},
  title           = {{The disturbing consequences of seeing your doppelganger}},
  url             = {http://www.bbc.com/future/story/20150821-the-dangerous-consequences-of-seeing-your-doppelganger?ocid=twfut},
  year            = {2015}
}

@article{Ansel2011,
  author          = {Ansel, Jason and Pacula, Maciej and Amarasinghe, Saman and O'Reilly, Una-May},
  doi             = {10.1145/2001576.2001805},
  isbn            = {9781450305570},
  pages           = {1699},
  title           = {{An efficient evolutionary algorithm for solving incrementally structured problems}},
  year            = {2011}
}

@article{Arellano-Santoyo2017,
  author          = {Arellano-Santoyo, Hugo and Geyer, Elisabeth A. and Stokasimov, Ema and Chen, Geng Yuan and Su, Xiaolei and Hancock, William and Rice, Luke M. and Pellman, David},
  doi             = {10.1016/j.devcel.2017.06.011},
  issn            = {18781551},
  journal         = {Developmental Cell},
  keywords        = {depolymerization,kinesins,microtubule associated proteins,microtubule dynamics,spindle scaling},
  number          = {1},
  pages           = {37--51.e8},
  publisher       = {Elsevier Inc.},
  title           = {{A Tubulin Binding Switch Underlies Kip3/Kinesin-8 Depolymerase Activity}},
  url             = {http://dx.doi.org/10.1016/j.devcel.2017.06.011},
  volume          = {42},
  year            = {2017}
}

@article{Atzori2017,
  author          = {Atzori, Marcella and Ulieru, Mihaela},
  doi             = {10.2139/ssrn.2999715},
  journal         = {Ssrn},
  keywords        = {Algorithmic Governance,Commons,Holonics,Peer Production,Platform Capitalism,Platform Cooperativism,Sharing Economy,Social Organization,Tokenization,Uberisation},
  title           = {{Architecting the eSociety on Blockchain: A Provocation to Human Nature}},
  year            = {2017}
}
@article{Avila2008a,
  author          = {Avila, J. and Soares, H. and Fanarraga, M. L. and Zabala, J. C.},
  doi             = {10.1002/0471143030.cb0329s39},
  isbn            = {0471143030},
  issn            = {19342500},
  journal         = {Current Protocols in Cell Biology},
  keywords        = {Atomic force microscopy,MAP1A,MAP1B,MAP2,Microtubule,Native gel electrophoresis,Tau,Tubulin},
  number          = {SUPPL. 39},
  pages           = {1--28},
  pmid            = {18551420},
  title           = {{Isolation of microtubules and microtubule proteins}},
  year            = {2008}
}

@article{Awad2017,
  author          = {Awad, Edmond and Booth, Richard and Tohm{\'{e}}, Fernando and Rahwan, Iyad},
  doi             = {10.1093/logcom/exv055},
  issn            = {1465363X},
  journal         = {Journal of Logic and Computation},
  keywords        = {Agents,Argumentation,Preferences,Social choice},
  number          = {1},
  pages           = {227--259},
  title           = {{Judgement aggregation in multi-agent argumentation}},
  volume          = {27},
  year            = {2017}
}

@article{Baas2004,
  author          = {Baas, P. W.},
  doi             = {10.1083/jcb.111.2.495},
  issn            = {0021-9525},
  journal         = {The Journal of Cell Biology},
  number          = {2},
  pages           = {495--509},
  title           = {{Individual microtubules in the axon consist of domains that differ in both composition and stability}},
  volume          = {111},
  year            = {2004}
}

@article{Bah2016,
  author          = {Bah, Alaji and Forman-Kay, Julie D.},
  doi             = {10.1074/jbc.R115.695056},
  issn            = {1083351X},
  journal         = {Journal of Biological Chemistry},
  number          = {13},
  pages           = {6696--6705},
  pmid            = {26851279},
  title           = {{Modulation of intrinsically disordered protein function by post-translational modifications}},
  volume          = {291},
  year            = {2016}
}

@article{Balabanian2017a,
  author          = {Balabanian, Linda and Berger, Christopher L. and Hendricks, Adam G.},
  doi             = {10.1016/j.bpj.2017.08.009},
  issn            = {15420086},
  journal         = {Biophysical Journal},
  number          = {7},
  pages           = {1551--1560},
  pmid            = {28978447},
  publisher       = {Biophysical Society},
  title           = {{Acetylated Microtubules Are Preferentially Bundled Leading to Enhanced Kinesin-1 Motility}},
  url             = {https://doi.org/10.1016/j.bpj.2017.08.009},
  volume          = {113},
  year            = {2017}
}

@article{Barbey2014,
  author          = {Barbey, Aron K. and Colom, Roberto and Grafman, Jordan},
  doi             = {10.1093/brain/awt312},
  issn            = {14602156},
  journal         = {Brain},
  keywords        = {discourse comprehension,emotional intelligence,personality traits,psychometric intelligence,voxel-based lesion-symptom mapping},
  number          = {1},
  pages           = {277--287},
  title           = {{Neural mechanisms of discourse comprehension: A human lesion study}},
  volume          = {137},
  year            = {2014}
}
@article{Mahamdeh2018,
   author = {Mohammed Mahamdeh and Steve Simmert and Anna Luchniak and Erik Schäffer and Jonathon Howard},
   doi = {10.1111/jmi.12744},
   issn = {13652818},
   issue = {1},
   journal = {Journal of Microscopy},
   keywords = {Interference reflection microscopy,label free imaging,microtubules},
   pages = {60-66},
   title = {Label-free high-speed wide-field imaging of single microtubules using interference reflection microscopy},
   volume = {272},
   year = {2018},
}
@article{bulinski2001rapid,
  title={Rapid dynamics of the microtubule binding of ensconsin in vivo},
  author={Bulinski, J Chlo{\"e} and Odde, David J and Howell, Bonnie J and Salmon, Ted D and Waterman-Storer, Clare M},
  journal={Journal of cell science},
  volume={114},
  number={21},
  pages={3885--3897},
  year={2001},
  publisher={Company of Biologists}
}
@article{axelrod1976mobility,
  title={Mobility measurement by analysis of fluorescence photobleaching recovery kinetics},
  author={Axelrod, Daniel and Koppel, DE and Schlessinger, J and Elson, Elliot and Webb, Watt W},
  journal={Biophysical journal},
  volume={16},
  number={9},
  pages={1055--1069},
  year={1976},
  publisher={Elsevier}
}
@article{barr2009interference,
  title     = {Interference reflection microscopy},
  author    = {Barr, Valarie A and Bunnell, Stephen C},
  journal   = {Current protocols in cell biology},
  volume    = {45},
  number    = {1},
  pages     = {4--23},
  year      = {2009},
  publisher = {Wiley Online Library}
}
@article{Barton1987a,
  author          = {Barton, J S and Vandivort, D L and Heacock, D H and Coffman, J a and Trygg, K a},
  issn            = {0264-6021},
  journal         = {The Biochemical journal},
  keywords        = {ph does not alter kie},
  number          = {3},
  pages           = {505--511},
  pmid            = {3426549},
  title           = {{Microtubule assembly kinetics. Changes with solution conditions.}},
  volume          = {247},
  year            = {1987}
}
@article{Basnet2018,
  author          = {Basnet, Nirakar and Nedozralova, Hana and Crevenna, Alvaro H. and Bodakuntla, Satish and Schlichthaerle, Thomas and Taschner, Michael and Cardone, Giovanni and Janke, Carsten and Jungmann, Ralf and Magiera, Maria M. and Biert{\"{u}}mpfel, Christian and Mizuno, Naoko},
  doi             = {10.1038/s41556-018-0199-8},
  isbn            = {0003-1488 (Print)$\backslash$r0003-1488 (Linking)},
  issn            = {14764679},
  journal         = {Nature Cell Biology},
  number          = {10},
  pages           = {1172--1180},
  pmid            = {5950439},
  title           = {{Direct induction of microtubule branching by microtubule nucleation factor SSNA1}},
  volume          = {20},
  year            = {2018}
}
@article{Bateman2010,
  author          = {Bateman, Chris and Nacke, Lennart E.},
  doi             = {10.1145/1920778.1920780},
  isbn            = {9781450302357},
  keywords        = {brain,brain research,neurology,play patterns,player satisfaction},
  pages           = {1},
  title           = {{The neurobiology of play}},
  year            = {2010}
}

@article{Bechstedt2012,
  author          = {Bechstedt, Susanne and Brouhard, Gary J.},
  doi             = {10.1016/j.devcel.2012.05.006},
  isbn            = {1878-1551 (Electronic)$\backslash$r1534-5807 (Linking)},
  issn            = {15345807},
  journal         = {Developmental Cell},
  number          = {1},
  pages           = {181--192},
  pmid            = {22727374},
  publisher       = {Elsevier Inc.},
  title           = {{Doublecortin Recognizes the 13-Protofilament Microtubule Cooperatively and Tracks Microtubule Ends}},
  url             = {http://dx.doi.org/10.1016/j.devcel.2012.05.006},
  volume          = {23},
  year            = {2012}
}

@article{Bechstedt2014,
  author          = {Bechstedt, Susanne and Lu, Kevan and Brouhard, Gary J.},
  doi             = {10.1016/j.cub.2014.08.039},
  isbn            = {0960-9822},
  issn            = {09609822},
  journal         = {Current Biology},
  number          = {20},
  pages           = {2366--2375},
  pmid            = {25283777},
  publisher       = {Elsevier Ltd},
  title           = {{Doublecortin recognizes the longitudinal curvature of the microtubule end and lattice}},
  url             = {http://dx.doi.org/10.1016/j.cub.2014.08.039},
  volume          = {24},
  year            = {2014}
}
@article{NEDELEC2003,
   author = {François Nédélec and Thomas Surrey and Eric Karsenti},
   doi = {https://doi.org/10.1016/S0955-0674(02)00014-5},
   issn = {0955-0674},
   issue = {1},
   journal = {Current Opinion in Cell Biology},
   pages = {118-124},
   title = {Self-organisation and forces in the microtubule cytoskeleton},
   volume = {15},
   url = {https://www.sciencedirect.com/science/article/pii/S0955067402000145},
   year = {2003},
}
@article{Bieling2007,
  archiveprefix   = {arXiv},
  arxivid         = {Figures, S., 2010. Supplementary information. Nature, 1(c), pp.1-7. Available at: http://www.pubmedcentral.nih.gov/articlerender.fcgi?artid=3006164{\&}tool=pmcentrez{\&}rendertype=abstract.},
  author          = {Bieling, Peter and Laan, Liedewij and Schek, Henry and Munteanu, E Laura and Sandblad, Linda and Dogterom, Marileen and Brunner, Damian and Surrey, Thomas},
  doi             = {10.1038/nature06386},
  eprint          = {/www.pubmedcentral.nih.gov/articlerender.fcgi?artid=3006164{\&}tool=pmcentrez{\&}rendertype=abstract.},
  isbn            = {1476-4687 (Electronic)},
  issn            = {0028-0836},
  journal         = {Nature},
  keywords        = {Alexa,Cell-Free System,Fluorescence,Heat-Shock Proteins,Heat-Shock Proteins: metabolism,Intermediate Filament Proteins,Intermediate Filament Proteins: metabolism,Mal3,Microscopy,Microtubule-Associated Proteins,Microtubule-Associated Proteins: metabolism,Microtubules,Microtubules: chemistry,Microtubules: metabolism,Schizosaccharomyces,Schizosaccharomyces pombe Proteins,Schizosaccharomyces pombe Proteins: metabolism,Schizosaccharomyces: chemistry,Schizosaccharomyces: cytology},
  number          = {7172},
  pages           = {1100--1105},
  pmid            = {18059460},
  primaryclass    = {Figures, S., 2010. Supplementary information. Nature, 1(c), pp.1-7. Available at: http:},
  title           = {{Reconstitution of a microtubule plus-end tracking system in vitro.}},
  url             = {http://www.ncbi.nlm.nih.gov/pubmed/18059460{\%}5Cnhttp://www.nature.com/doifinder/10.1038/nature06386},
  volume          = {450},
  year            = {2007}
}
@article{Mani2021,
   author = {Nandini Mani and Sithara S. Wijeratne and Radhika Subramanian},
   doi = {10.7554/eLife.63880},
   issn = {2050084X},
   journal = {eLife},
   pages = {1-26},
   pmid = {34114950},
   title = {Micron-scale geometrical features of microtubules as regulators of microtubule organization},
   volume = {10},
   year = {2021},
}
@article{Bieling2010,
  author          = {Bieling, Peter and Telley, Ivo a. and Surrey, Thomas},
  doi             = {10.1016/j.cell.2010.06.033},
  isbn            = {1097-4172 (Electronic) 0092-8674 (Linking)},
  issn            = {00928674},
  journal         = {Cell},
  keywords        = {CELLBIO},
  number          = {3},
  pages           = {420--432},
  pmid            = {20691901},
  publisher       = {Elsevier Ltd},
  title           = {{A minimal midzone protein module controls formation and length of antiparallel microtubule overlaps}},
  url             = {http://dx.doi.org/10.1016/j.cell.2010.06.033},
  volume          = {142},
  year            = {2010}
}

@article{Blankertz2016,
  archiveprefix   = {arXiv},
  arxivid         = {arXiv:1012.1792v1},
  author          = {Blankertz, Benjamin and Acqualagna, Laura and D{\"{a}}hne, Sven and Haufe, Stefan and Schultze-Kraft, Matthias and Sturm, Irene and U{\v{s}}cumlic, Marija and Wenzel, Markus A. and Curio, Gabriel and M{\"{u}}ller, Klaus Robert},
  doi             = {10.3389/fnins.2016.00530},
  eprint          = {arXiv:1012.1792v1},
  isbn            = {1662-453X},
  issn            = {1662453X},
  journal         = {Frontiers in Neuroscience},
  keywords        = {Brain-Computer Interfacing (BCI),Cognitive neuroscience,Covert user states,Electroencephalography (EEG),Implicit information,Machine learning,Mental workload,Video quality},
  number          = {NOV},
  pmid            = {27917107},
  title           = {{The Berlin brain-computer interface: Progress beyond communication and control}},
  volume          = {10},
  year            = {2016}
}

@article{BODAKUNTLA2019804,
  author   = {Bodakuntla, Satish and Jijumon, A S and Villablanca, Cristopher and Gonzalez-Billault, Christian and Janke, Carsten},
  doi      = {https://doi.org/10.1016/j.tcb.2019.07.004},
  issn     = {0962-8924},
  journal  = {Trends in Cell Biology},
  number   = {10},
  pages    = {804--819},
  title    = {{Microtubule-Associated Proteins: Structuring the Cytoskeleton}},
  url      = {https://www.sciencedirect.com/science/article/pii/S0962892419301205},
  volume   = {29},
  year     = {2019}
}

@article{Bois2011,
  author          = {Bois, Justin S. and J{\"{u}}licher, Frank and Grill, Stephan W.},
  doi             = {10.1103/PhysRevLett.106.028103},
  issn            = {00319007},
  journal         = {Physical Review Letters},
  number          = {2},
  pages           = {1--4},
  pmid            = {21405254},
  title           = {{Pattern formation in active fluids}},
  volume          = {106},
  year            = {2011}
}

@article{Bornberg-Bauer2013,
  author          = {Bornberg-Bauer, Erich and Alb{\`{a}}, M. Mar},
  doi             = {10.1016/j.sbi.2013.02.012},
  issn            = {0959440X},
  journal         = {Current Opinion in Structural Biology},
  number          = {3},
  pages           = {459--466},
  title           = {{Dynamics and adaptive benefits of modular protein evolution}},
  volume          = {23},
  year            = {2013}
}
@article{Boskey2016,
  archiveprefix   = {arXiv},
  arxivid         = {15334406},
  author          = {Boskey, Adele L. and Villarreal-Ramirez, Eduardo},
  doi             = {10.1016/j.matbio.2016.01.007},
  eprint          = {15334406},
  isbn            = {1054901536631},
  issn            = {15691802},
  journal         = {Matrix Biology},
  keywords        = {Biomineralization,Hydroxyapatite,Intrinsically disordered proteins,Phosphophoryn},
  pages           = {43--59},
  pmid            = {26807759},
  publisher       = {Elsevier B.V.},
  title           = {{Intrinsically disordered proteins and biomineralization}},
  url             = {http://dx.doi.org/10.1016/j.matbio.2016.01.007},
  volume          = {52-54},
  year            = {2016}
}
@article{Bowers2015,
  author          = {Bowers, CA},
  journal         = {Critical Education},
  number          = {4},
  title           = {{Understanding the Disconnect Between the Old Patterns of Thinking and the Relational World We Live In}},
  url             = {http://ices.library.ubc.ca/index.php/criticaled/article/view/184774},
  volume          = {6},
  year            = {2015}
}
@article{Bowne-Anderson2013a,
  author          = {Bowne-Anderson, Hugo and Zanic, Marija and Kauer, Monika and Howard, Jonathon},
  doi             = {10.1002/bies.201200131},
  isbn            = {1521-1878},
  issn            = {02659247},
  journal         = {BioEssays},
  keywords        = {Catastrophe,Cytoskeleton,GTP hydrolysis,Microtubule},
  number          = {5},
  pages           = {452--461},
  pmid            = {23532586},
  title           = {{Microtubule dynamic instability: A new model with coupled GTP hydrolysis and multistep catastrophe}},
  volume          = {35},
  year            = {2013}
}

@article{Boyd2012,
  archiveprefix   = {arXiv},
  arxivid         = {4},
  author          = {Danah Boyd and Crawford, Kate},
  doi             = {10.1080/1369118x.2012.678878},
  eprint          = {4},
  isbn            = {00178012},
  issn            = {1369-118X},
  journal         = {Information, Communication {\&} Society},
  number          = {5},
  pages           = {662--679},
  pmid            = {23074865},
  title           = {{Critical Questions for Big Data}},
  volume          = {15},
  year            = {2012}
}
@article{Bratman2007b,
  archiveprefix   = {arXiv},
  arxivid         = {NIHMS150003},
  author          = {Bratman, Scott V. and Chang, Fred},
  doi             = {10.1016/j.devcel.2007.10.015},
  eprint          = {NIHMS150003},
  isbn            = {2122633255},
  issn            = {15345807},
  journal         = {Developmental Cell},
  keywords        = {CELLBIO},
  month           = {dec},
  number          = {6},
  pages           = {812--827},
  pmid            = {1000000221},
  title           = {{Stabilization of Overlapping Microtubules by Fission Yeast CLASP}},
  url             = {https://linkinghub.elsevier.com/retrieve/pii/S1534580707004157},
  volume          = {13},
  year            = {2007}
}
@article{Braun2011,
  author          = {Braun, Marcus and Lansky, Zdenek and Fink, Gero and Ruhnow, Felix and Diez, Stefan and Janson, Marcel E.},
  doi             = {10.1038/ncb2323},
  isbn            = {1465-7392},
  issn            = {1465-7392},
  journal         = {Nature Cell Biology},
  number          = {10},
  pages           = {1259--1264},
  pmid            = {21892183},
  publisher       = {Nature Publishing Group},
  title           = {{Adaptive braking by Ase1 prevents overlapping microtubules from sliding completely apart}},
  url             = {http://dx.doi.org/10.1038/ncb2323},
  volume          = {13},
  year            = {2011}
}
@article{Braun2013,
  author          = {Braun, Marcus and Lansky, Zdenek and Bajer, Seweryn and Fink, Gero and Kasprzak, Andrzej a. and Diez, Stefan},
  doi             = {10.1002/cm.21133},
  isbn            = {1949-3592 (Electronic)},
  issn            = {19493584},
  journal         = {Cytoskeleton},
  keywords        = {EB1,HSET,Kinesin-14,Microtubule,Tip-tracking},
  number          = {9},
  pages           = {515--521},
  pmid            = {24039245},
  title           = {{The human kinesin-14 HSET tracks the tips of growing microtubules in vitro}},
  volume          = {70},
  year            = {2013}
}
@article{Braun2016,
  author          = {Braun, Marcus and Lansky, Zdenek and Hilitski, Feodor and Dogic, Zvonimir and Diez, Stefan},
  doi             = {10.1002/bies.201500183},
  issn            = {15211878},
  journal         = {BioEssays},
  keywords        = {Cytoskeleton,Depletion forces,Entropic forces,Entropy,Filament crosslinkers,Force generation,Molecular motors},
  number          = {5},
  pages           = {474--481},
  title           = {{Entropic forces drive contraction of cytoskeletal networks}},
  volume          = {38},
  year            = {2016}
}
@article{Brouhard2014,
  author          = {Brouhard, G. J. and Rice, L. M.},
  doi             = {10.1083/jcb.201407095},
  issn            = {0021-9525, 1540-8140},
  journal         = {The Journal of Cell Biology},
  number          = {3},
  pages           = {323--334},
  title           = {{The contribution of -tubulin curvature to microtubule dynamics}},
  volume          = {207},
  year            = {2014}
}
@article{Cammarata2016,
  author          = {Cammarata, Garrett M. and Bearce, Elizabeth A. and Lowery, Laura Anne},
  doi             = {10.1002/cm.21272},
  isbn            = {1949-3584},
  issn            = {19493592},
  journal         = {Cytoskeleton},
  keywords        = {+TIPs,axon guidance,cytoskeleton,growth cone,microtubule dynamics},
  number          = {9},
  pages           = {461--476},
  title           = {{Cytoskeletal social networking in the growth cone: How +TIPs mediate microtubule-actin cross-linking to drive axon outgrowth and guidance}},
  volume          = {73},
  year            = {2016}
}
@article{Carazo-Salas1999,
  author          = {Carazo-Salas, R E and Guarguaglini, G and Gruss, O J and Segref, A and Karsenti, E and Mattaj, I W},
  doi             = {10.1038/22133},
  isbn            = {0028-0836 (Print)},
  issn            = {0028-0836},
  journal         = {Nature},
  keywords        = {Animals,Biological,Cell Cycle Proteins,Cell Extracts,Chromatin,Chromatin: physiology,DNA-Binding Proteins,DNA-Binding Proteins: physiology,Guanine Nucleotide Exchange Factors,Guanosine Triphosphate,Guanosine Triphosphate: metabolism,Guanosine Triphosphate: physiology,Humans,Microtubules,Microtubules: physiology,Mitosis,Mitosis: physiology,Mitotic Spindle Apparatus,Mitotic Spindle Apparatus: physiology,Models,Mutation,Nuclear Proteins,Nuclear Proteins: genetics,Nuclear Proteins: metabolism,Nuclear Proteins: physiology,Recombinant Proteins,Schizosaccharomyces,Signal Transduction,Xenopus Proteins,Xenopus laevis,ran GTP-Binding Protein},
  number          = {6740},
  pages           = {178--181},
  pmid            = {10408446},
  title           = {{Generation of GTP-bound Ran by RCC1 is required for chromatin-induced mitotic spindle formation.}},
  url             = {http://www.ncbi.nlm.nih.gov/pubmed/10408446},
  volume          = {400},
  year            = {1999}
}
@article{Carleton2016,
  author          = {Carleton, R. Nicholas},
  doi             = {10.1016/j.janxdis.2016.03.011},
  issn            = {18737897},
  journal         = {Journal of Anxiety Disorders},
  keywords        = {Anxiety,Fear of the unknown,Fundamental fears,Intolerance of uncertainty,Neuroticism},
  pages           = {5--21},
  publisher       = {Elsevier Ltd},
  title           = {{Fear of the unknown: One fear to rule them all?}},
  url             = {http://dx.doi.org/10.1016/j.janxdis.2016.03.011},
  volume          = {41},
  year            = {2016}
}
@article{Cassimeris1987,
  author          = {Cassimeris, L U and Walker, R a and Pryer, N K and Salmon, E D},
  doi             = {10.1002/bies.950070403},
  issn            = {0265-9247},
  journal         = {BioEssays : news and reviews in molecular, cellular and developmental biology},
  number          = {4},
  pages           = {149--154},
  pmid            = {3318820},
  title           = {{Dynamic instability of microtubules.}},
  volume          = {7},
  year            = {1987}
}
@article{Castoldi2003,
  author          = {Castoldi, Mirco and Popov, Andrei V.},
  doi             = {10.1016/S1046-5928(03)00218-3},
  isbn            = {1046-5928},
  issn            = {10465928},
  journal         = {Protein Expression and Purification},
  keywords        = {Brain tubulin,Microtubule,Microtubule-associated protein,Tubulin,Tubulin polymerization},
  number          = {1},
  pages           = {83--88},
  pmid            = {14680943},
  title           = {{Purification of brain tubulin through two cycles of polymerization- depolymerization in a high-molarity buffer}},
  volume          = {32},
  year            = {2003}
}
@article{CASTOLDI200383,
  author   = {Castoldi, Mirco and Popov, Andrei V},
  doi      = {https://doi.org/10.1016/S1046-5928(03)00218-3},
  issn     = {1046-5928},
  journal  = {Protein Expression and Purification},
  keywords = { Brain tubulin, Microtubule-associated protein, Tubulin, Tubulin polymerization,Microtubule},
  number   = {1},
  pages    = {83--88},
  title    = {{Purification of brain tubulin through two cycles of polymerization-depolymerization in a high-molarity buffer}},
  url      = {https://www.sciencedirect.com/science/article/pii/S1046592803002183},
  volume   = {32},
  year     = {2003}
}
@article{Chamcham2011,
  author          = {Chamcham, Khalil},
  doi             = {10.1016/J.PLREV.2013.08.002},
  issn            = {00314749},
  journal         = {Pensamiento},
  number          = {254},
  pages           = {867},
  publisher       = {Elsevier B.V.},
  title           = {{Consciousness in the universe}},
  url             = {http://dx.doi.org/10.1016/j.plrev.2013.08.002},
  volume          = {67},
  year            = {2011}
}
@article{vershinin2007multiple,
  title={Multiple-motor based transport and its regulation by Tau},
  author={Vershinin, Michael and Carter, Brian C and Razafsky, David S and King, Stephen J and Gross, Steven P},
  journal={Proceedings of the National Academy of Sciences},
  volume={104},
  number={1},
  pages={87--92},
  year={2007},
  publisher={National Acad Sciences}
}
@article{trinczek1999tau,
  title={Tau regulates the attachment/detachment but not the speed of motors in microtubule-dependent transport of single vesicles and organelles},
  author={Trinczek, B and Ebneth, A and Mandelkow, E-M and Mandelkow, E},
  journal={Journal of cell science},
  volume={112},
  number={14},
  pages={2355--2367},
  year={1999},
  publisher={The Company of Biologists Ltd}
}
@article{seitz2002single,
  title={Single-molecule investigation of the interference between kinesin, tau and MAP2c},
  author={Seitz, Arne and Kojima, Hiroaki and Oiwa, Kazuhiro and Mandelkow, Eva-Maria and Song, Young-Hwa and Mandelkow, Eckhard},
  journal={The EMBO journal},
  year={2002},
  publisher={John Wiley \& Sons, LtdChichester, UK}
}
@article{ebneth1998overexpression,
  title={Overexpression of tau protein inhibits kinesin-dependent trafficking of vesicles, mitochondria, and endoplasmic reticulum: implications for Alzheimer's disease},
  author={Ebneth, A and Godemann, R and Stamer, K and Illenberger, S and Trinczek, B and Mandelkow, E-M and Mandelkow, E},
  journal={The Journal of cell biology},
  volume={143},
  number={3},
  pages={777--794},
  year={1998},
  publisher={The Rockefeller University Press}
}
@article{Chaudhary2018,
  author          = {Chaudhary, Abdullah R. and Berger, Florian and Berger, Christopher L. and Hendricks, Adam G.},
  doi             = {10.1111/tra.12537},
  issn            = {16000854},
  journal         = {Traffic},
  keywords        = {dynein,in vitro reconstitution,intracellular transport,kinesin-1,kinesin-2,optical tweezers,tau},
  number          = {2},
  pages           = {111--121},
  title           = {{Tau directs intracellular trafficking by regulating the forces exerted by kinesin and dynein teams}},
  volume          = {19},
  year            = {2018}
}
@article{Chaudhuri2001a,
  author          = {Chaudhuri, a. R. and Khan, I. A. and Ludue{\~{n}}a, R. F. and Ludue??a, R. F. and Ludue{\~{n}}a, R. F.},
  doi             = {10.1021/bi0101603},
  issn            = {00062960},
  journal         = {Biochemistry},
  keywords        = {DTT},
  number          = {30},
  pages           = {8834--8841},
  pmid            = {11467944},
  title           = {{Detection of disulfide bonds in bovine brain tubulin and their role in protein folding and microtubule assembly in vitro: A novel disulfide detection approach}},
  volume          = {40},
  year            = {2001}
}
@article{Cheezum2001,
  author          = {Cheezum, M K and Walker, W F and Guilford, W H},
  doi             = {10.1016/S0006-3495(01)75884-5},
  isbn            = {0006-3495},
  issn            = {00063495},
  journal         = {Biophysical journal},
  number          = {4},
  pages           = {2378--2388},
  pmid            = {11566807},
  publisher       = {Elsevier},
  title           = {{Quantitative comparison of algorithms for tracking single fluorescent particles.}},
  url             = {http://dx.doi.org/10.1016/S0006-3495(01)75884-5},
  volume          = {81},
  year            = {2001}
}
@article{Choi2017,
  author          = {Choi, Myung Chul and Chung, Peter J. and Song, Chaeyeon and Miller, Herbert P. and Kiris, E. and Li, Youli and Wilson, Leslie and Feinstein, Stuart C. and Safinya, Cyrus R.},
  doi             = {10.1016/j.bbagen.2016.09.011},
  issn            = {18728006},
  journal         = {Biochimica et Biophysica Acta - General Subjects},
  keywords        = {Microtubule,Paclitaxel,Small-angle X-ray scattering,Tau},
  number          = {1},
  pages           = {3456--3463},
  pmid            = {27632200},
  title           = {{Paclitaxel suppresses Tau-mediated microtubule bundling in a concentration-dependent manner}},
  volume          = {1861},
  year            = {2017}
}
@article{Chung2015,
  author          = {Chung, Peter J. and Wilson, Leslie and Li, Youli and Raviv, Uri and Feinstein, H. Eric and Safinya, Cyrus R. and Choi, Myung Chul and Miller, Herbert P. and Feinstein, Stuart C.},
  doi             = {10.1073/pnas.1513172112},
  issn            = {0027-8424},
  journal         = {Proceedings of the National Academy of Sciences},
  number          = {47},
  pages           = {E6416--E6425},
  title           = {{Direct force measurements reveal that protein Tau confers short-range attractions and isoform-dependent steric stabilization to microtubules}},
  volume          = {112},
  year            = {2015}
}
@article{Conde2009,
  archiveprefix   = {arXiv},
  arxivid         = {NIHMS150003},
  author          = {Conde, Cecilia and C{\'{a}}ceres, Alfredo},
  doi             = {10.1038/nrn2631},
  eprint          = {NIHMS150003},
  isbn            = {1471-0048 (Electronic)$\backslash$r1471-003X (Linking)},
  issn            = {1471003X},
  journal         = {Nature Reviews Neuroscience},
  number          = {5},
  pages           = {319--332},
  pmid            = {19377501},
  title           = {{Microtubule assembly, organization and dynamics in axons and dendrites}},
  volume          = {10},
  year            = {2009}
}
@article{Cooper2009,
  archiveprefix   = {arXiv},
  arxivid         = {NIHMS150003},
  author          = {Cooper, Jeremy R. and Wordeman, Linda},
  doi             = {10.1016/j.ceb.2009.01.005},
  eprint          = {NIHMS150003},
  isbn            = {1879-0410 (Electronic)$\backslash$r0955-0674 (Linking)},
  issn            = {09550674},
  journal         = {Current Opinion in Cell Biology},
  number          = {1},
  pages           = {68--73},
  pmid            = {19185482},
  title           = {{The diffusive interaction of microtubule binding proteins}},
  volume          = {21},
  year            = {2009}
}
@article{COY19993667,
  author   = {Coy, David L and Wagenbach, Michael and Howard, Jonathon},
  doi      = {https://doi.org/10.1074/jbc.274.6.3667},
  issn     = {0021-9258},
  journal  = {Journal of Biological Chemistry},
  number   = {6},
  pages    = {3667--3671},
  title    = {{Kinesin Takes One 8-nm Step for Each ATP That It Hydrolyzes*}},
  url      = {https://www.sciencedirect.com/science/article/pii/S0021925819879930},
  volume   = {274},
  year     = {1999}
}
@article{Daily2010,
  author          = {Daily, By and Reporter, Mail},
  pages           = {3--5},
  title           = {{Doctors stunned by the twins who share the same brain , can hear each other ' s thoughts and see through each other ' s eyes}},
  year            = {2010}
}
@article{dammer,
  author   = {Dammermann, Alexander and Desai, Arshad and Oegema, Karen},
  doi      = {https://doi.org/10.1016/S0960-9822(03)00530-X},
  issn     = {0960-9822},
  journal  = {Current Biology},
  number   = {15},
  pages    = {R614-R624},
  title    = {{The minus end in sight}},
  url      = {https://www.sciencedirect.com/science/article/pii/S096098220300530X},
  volume   = {13},
  year     = {2003}
}
@book{Dehaene,
  author          = {Dehaene, Stanislas},
  isbn            = {9783319555072},
  title           = {{the Science of}}
}
@article{Depth2016,
  author          = {Depth, In},
  pages           = {1--9},
  title           = {{The dark tales of the world's most epic sleep-talker}},
  year            = {2016}
}
@article{DeWever2006,
  author          = {{De Wever}, B. and Schellens, T. and Valcke, M. and {Van Keer}, H.},
  doi             = {10.1016/j.compedu.2005.04.005},
  issn            = {03601315},
  journal         = {Computers and Education},
  keywords        = {Computer-mediated-communication,Cooperative/collaborative learning,Distributed learning environments,Interactive learning environments,Learning communities},
  number          = {1},
  pages           = {6--28},
  title           = {{Content analysis schemes to analyze transcripts of online asynchronous discussion groups: A review}},
  volume          = {46},
  year            = {2006}
}
@article{Dijk2001,
  author          = {van Dijk, Teun A.},
  doi             = {10.1515/flin.2001.35.1-2.11},
  isbn            = {9780511481499},
  issn            = {0165-4004},
  journal         = {Folia Linguistica},
  number          = {C},
  pages           = {11--41},
  title           = {{Discourse, Ideology and Context}},
  volume          = {35},
  year            = {2001}
}
@article{Dixit2008,
  author          = {Dixit, R. and Ross, J. L. and Goldman, Y. E. and Holzbaur, E. L. F.},
  doi             = {10.1126/science.1152993},
  issn            = {0036-8075},
  journal         = {Science},
  month           = {feb},
  number          = {5866},
  pages           = {1086--1089},
  title           = {{Differential Regulation of Dynein and Kinesin Motor Proteins by Tau}},
  url             = {http://www.sciencemag.org/cgi/doi/10.1126/science.1152993},
  volume          = {319},
  year            = {2008}
}
@article{DOWNING199816,
  author   = {Downing, Kenneth H and Nogales, Eva},
  doi      = {https://doi.org/10.1016/S0955-0674(98)80082-3},
  issn     = {0955-0674},
  journal  = {Current Opinion in Cell Biology},
  number   = {1},
  pages    = {16--22},
  title    = {{Tubulin and microtubule structure}},
  url      = {https://www.sciencedirect.com/science/article/pii/S0955067498800823},
  volume   = {10},
  year     = {1998}
}
@article{Drechsel1992,
  author   = {Drechsel, D N and Hyman, A A and Cobb, M H and Kirschner, M W},
  doi      = {10.1091/mbc.3.10.1141},
  issn     = {1059-1524},
  journal  = {Molecular biology of the cell},
  keywords = {Animals,Cattle,In Vitro Techniques,Kinetics,Macromolecular Substances,Microscopy, Electron,Microtubules/drug effects/metabolism/ultrastructure,Polymers/metabolism,Tubulin/chemistry/*metabolism/ultrastructure,tau Proteins/*pharmacology},
  language = {eng},
  month    = {10},
  number   = {10},
  pages    = {1141--1154},
  title    = {{Modulation of the dynamic instability of tubulin assembly by the microtubule-associated protein tau}},
  url      = {https://pubmed.ncbi.nlm.nih.gov/1421571 https://www.ncbi.nlm.nih.gov/pmc/articles/PMC275678/},
  volume   = {3},
  year     = {1992}
}
@article{Drummond2000,
  author          = {Drummond, Douglas R. and Cross, Robert A.},
  doi             = {10.1016/S0960-9822(00)00570-4},
  issn            = {09609822},
  journal         = {Current Biology},
  number          = {13},
  pages           = {766--775},
  title           = {{Dynamics of interphase microtubules in Schizosaccharomyces pombe}},
  volume          = {10},
  year            = {2000}
}
@article{Du2010,
  author          = {Du, Yaqing and English, Chauca A. and Ohi, Ryoma},
  doi             = {10.1016/j.cub.2009.12.049},
  isbn            = {1879-0445 (Electronic)$\backslash$r0960-9822 (Linking)},
  issn            = {09609822},
  journal         = {Current Biology},
  keywords        = {CELLBIO},
  number          = {4},
  pages           = {374--380},
  pmid            = {20153196},
  publisher       = {Elsevier Ltd},
  title           = {{The Kinesin-8 Kif18A Dampens Microtubule Plus-End Dynamics}},
  url             = {http://dx.doi.org/10.1016/j.cub.2009.12.049},
  volume          = {20},
  year            = {2010}
}
@article{Duellberg2014,
  author          = {Duellberg, Christian and Trokter, Martina and Jha, Rupam and Sen, Indrani and Steinmetz, Michel O and Surrey, Thomas},
  doi             = {10.1038/ncb2999},
  isbn            = {1476-4679 (Electronic)$\backslash$n1465-7392 (Linking)},
  issn            = {1476-4679},
  journal         = {Nature cell biology},
  keywords        = {Cy5,EB1},
  number          = {8},
  pages           = {804--811},
  pmid            = {24997520},
  title           = {{Reconstitution of a hierarchical +TIP interaction network controlling microtubule end tracking of dynein.}},
  url             = {http://dx.doi.org/10.1038/ncb2999},
  volume          = {16},
  year            = {2014}
}
@article{Dye1993,
  archiveprefix   = {arXiv},
  arxivid         = {arXiv:1011.1669v3},
  author          = {Dye, R. B. and Fink, S. P. and Williams, R. C.},
  doi             = {10.1007/s13398-014-0173-7.2},
  eprint          = {arXiv:1011.1669v3},
  isbn            = {9780874216561},
  issn            = {00219258},
  journal         = {Journal of Biological Chemistry},
  number          = {10},
  pages           = {6847--6850},
  pmid            = {8096507},
  title           = {{Taxol-induced flexibility of microtubules and its reversal by MAP-2 and Tau}},
  volume          = {268},
  year            = {1993}
}
@article{Earp2018,
  author          = {Earp, Brian D.},
  doi             = {10.1017/s1358246118000474},
  issn            = {1358-2461},
  journal         = {Royal Institute of Philosophy Supplement},
  number          = {September},
  pages           = {415--439},
  title           = {{Psychedelic Moral Enhancement}},
  volume          = {83},
  year            = {2018}
}
@article{Echeveste2016,
  author          = {Echeveste, Rodrigo and Gros, Claudius},
  doi             = {10.3389/fncom.2016.00098},
  journal         = {Frontiers in Computational Neuroscience},
  keywords        = {chaos,excitatory neurons,integrate-and-fire neuron,neural network,phase diagrams,synchronization,synchronization, chaos, neural network, integrate-},
  number          = {September},
  pages           = {1--11},
  title           = {{Drifting States and Synchronization Induced Chaos in Autonomous Networks of Excitable Neurons}},
  volume          = {10},
  year            = {2016}
}
@article{Efron1986,
  author          = {Efron, B.},
  doi             = {10.1080/00031305.1986.10475342},
  issn            = {0003-1305},
  journal         = {The American Statistician},
  month           = {feb},
  number          = {1},
  pages           = {1--5},
  title           = {{Why Isn't Everyone a Bayesian?}},
  url             = {http://www.tandfonline.com/doi/abs/10.1080/00031305.1986.10475342},
  volume          = {40},
  year            = {1986}
}
@article{Endow3420,
  author    = {Endow, Sharyn A and Kull, F Jon and Liu, Honglei},
  doi       = {10.1242/jcs.064113},
  issn      = {0021-9533},
  journal   = {Journal of Cell Science},
  number    = {20},
  pages     = {3420--3424},
  publisher = {The Company of Biologists Ltd},
  title     = {{Kinesins at a glance}},
  url       = {https://jcs.biologists.org/content/123/20/3420},
  volume    = {123},
  year      = {2010}
}
@article{Farid2014,
  author          = {Farid, Mina and Corbo, Christopher P. and Alonso, Alejandra Del C.},
  doi             = {10.1002/jemt.22319},
  issn            = {1059910X},
  journal         = {Microscopy Research and Technique},
  month           = {feb},
  number          = {2},
  pages           = {133--137},
  title           = {{Tau binds ATP and induces its aggregation}},
  url             = {http://doi.wiley.com/10.1002/jemt.22319},
  volume          = {77},
  year            = {2014}
}
@article{Forte2017,
  author          = {Forte, Giancarlo and Lacovich, Valentina and Bruno, Luciana and {\v{C}}arn{\'{a}}, M{\'{a}}ria E. and Falzone, Tom{\'{a}}s L. and Avale, M. Elena and Espindola, Sonia L. and Cromberg, Lucas E. and Gallo, Jean-Marc and Alloatti, Mat{\'{i}}as and {Pozo Devoto}, Victorio and Stokin, Gorazd B.},
  doi             = {10.1523/jneurosci.2305-16.2017},
  issn            = {0270-6474},
  journal         = {The Journal of Neuroscience},
  number          = {1},
  pages           = {58--69},
  title           = {{Tau Isoforms Imbalance Impairs the Axonal Transport of the Amyloid Precursor Protein in Human Neurons}},
  volume          = {37},
  year            = {2017}
}
@article{Fowler2008,
  author          = {Fowler, James H and Schreiber, Darren},
  journal         = {Health (San Francisco)},
  number          = {November},
  pages           = {912--914},
  title           = {{Science of Human Nature}},
  url             = {www.sciencemag.org{\%}0Awww.sciencemag.org/cgi/content/full/322/5903/909/DC1},
  volume          = {322},
  year            = {2008}
}
@article{Franck2007,
  author          = {Franck, Andrew D. and Powers, Andrew F. and Gestaut, Daniel R. and Gonen, Tamir and Davis, Trisha N. and Asbury, Charles L.},
  doi             = {10.1038/ncb1609},
  issn            = {14657392},
  journal         = {Nature Cell Biology},
  number          = {7},
  pages           = {832--837},
  title           = {{Tension applied through the Dam1 complex promotes microtubule elongation providing a direct mechanism for length control in mitosis}},
  volume          = {9},
  year            = {2007}
}
@article{Fygenson1994,
  author          = {Fygenson, Deborah Kuchnir and Braun, Erez and Libchaber, Albert},
  doi             = {10.1103/PhysRevE.50.1579},
  isbn            = {1063-651X},
  issn            = {1063651X},
  journal         = {Physical Review E},
  number          = {2},
  pages           = {1579--1588},
  title           = {{Phase diagram of microtubules}},
  volume          = {50},
  year            = {1994}
}
@article{Gamblin2003,
  annote    = {doi: 10.1021/bi0272510},
  author    = {Gamblin, T Chris and Berry, Robert W and Binder, Lester I},
  doi       = {10.1021/bi0272510},
  issn      = {0006-2960},
  journal   = {Biochemistry},
  month     = {2},
  number    = {7},
  pages     = {2252--2257},
  publisher = {American Chemical Society},
  title     = {{Tau Polymerization: Role of the Amino Terminus}},
  url       = {https://doi.org/10.1021/bi0272510},
  volume    = {42},
  year      = {2003}
}
@article{Gao2014,
  author          = {Gao, Mengfei},
  issn            = {00255246},
  keywords        = {BCUBE},
  pmid            = {4372494},
  title           = {{In vitro studies on the self-assembly of bipolar microtubule arrays}},
  year            = {2014}
}
@article{Gao2018,
  author          = {Gao, Yong-Lei and Wang, Nan and Sun, Fu-Rong and Cao, Xi-Peng and Zhang, Wei and Yu, Jin-Tai},
  doi             = {10.21037/atm.2018.04.23},
  issn            = {23055839},
  journal         = {Annals of Translational Medicine},
  keywords        = {03,04,10,2018,21037,23,accepted for publication apr,atm,biomarkers,doi,dx,http,mechanisms,neurodegenerative diseases,org,submitted feb 26,tau protein,therapeutic,view this article at},
  number          = {10},
  pages           = {175--175},
  pmid            = {29951497},
  title           = {{Tau in neurodegenerative disease}},
  url             = {http://atm.amegroups.com/article/view/19456/19578},
  volume          = {6},
  year            = {2018}
}
@article{Gardner2008,
  author          = {Gardner, Melissa K. and Odde, David J. and Bloom, Kerry},
  doi             = {10.1016/j.tcb.2008.05.003},
  isbn            = {1879-3088 (Electronic) 0962-8924 (Linking)},
  issn            = {09628924},
  journal         = {Trends in Cell Biology},
  number          = {7},
  pages           = {307--310},
  pmid            = {18513970},
  title           = {{Kinesin-8 molecular motors: putting the brakes on chromosome oscillations}},
  volume          = {18},
  year            = {2008}
}
@article{Gardner2010a,
  author          = {Gardner, Melissa K. and Sprague, Brian L. and Pearson, Chad G. and Cosgrove, Benjamin D. and Bicek, Andrew D. and Bloom, Kerry and Salmon, E. D. and Odde, David J.},
  doi             = {10.1007/s12195-010-0101-7},
  isbn            = {1865-5025},
  issn            = {18655025},
  journal         = {Cellular and Molecular Bioengineering},
  keywords        = {Deconvolution,Fluorescence,Microscopy,Model-convolution,Modeling},
  number          = {2},
  pages           = {163--170},
  pmid            = {20461132},
  title           = {{Model convolution: A computational approach to digital image interpretation}},
  volume          = {3},
  year            = {2010}
}
@article{Gardner2010c,
  author          = {Gardner, Melissa K. and Odde, David J.},
  doi             = {10.1016/j.ymeth.2010.01.021},
  isbn            = {1046-2023},
  issn            = {10462023},
  journal         = {Methods},
  keywords        = {Imaging,Microtubule,Mitosis,Simulation,Stochastic,Yeast},
  number          = {2},
  pages           = {251--256},
  pmid            = {20096783},
  publisher       = {Elsevier Inc.},
  title           = {{Stochastic simulation and graphic visualization of mitotic processes}},
  url             = {http://dx.doi.org/10.1016/j.ymeth.2010.01.021},
  volume          = {51},
  year            = {2010}
}
@article{Gardner2011a,
  archiveprefix   = {arXiv},
  arxivid         = {NIHMS150003},
  author          = {Gardner, Melissa K. and Charlebois, Blake D. and J{\'{a}}nosi, Imre M. and Howard, Jonathon and Hunt, Alan J. and Odde, David J. and J??nosi, Imre M. and Howard, Jonathon and Hunt, Alan J. and Odde, David J.},
  doi             = {10.1016/j.cell.2011.06.053},
  eprint          = {NIHMS150003},
  isbn            = {1097-4172 (Electronic)$\backslash$n0092-8674 (Linking)},
  issn            = {00928674},
  journal         = {Cell},
  number          = {4},
  pages           = {582--592},
  pmid            = {21854983},
  title           = {{Rapid microtubule self-assembly kinetics}},
  volume          = {146},
  year            = {2011}
}
@article{Gardner2013,
  archiveprefix   = {arXiv},
  arxivid         = {NIHMS150003},
  author          = {Gardner, Melissa K. and Zanic, Marija and Howard, Jonathon},
  doi             = {10.1016/j.ceb.2012.09.006},
  eprint          = {NIHMS150003},
  isbn            = {1879-0410 (Electronic)$\backslash$n0955-0674 (Linking)},
  issn            = {09550674},
  journal         = {Current Opinion in Cell Biology},
  number          = {1},
  pages           = {1--9},
  pmid            = {23092753},
  publisher       = {Elsevier Ltd},
  title           = {{Microtubule catastrophe and rescue}},
  url             = {http://dx.doi.org/10.1016/j.ceb.2012.09.006 http://linkinghub.elsevier.com/retrieve/pii/S0955067412001457},
  volume          = {25},
  year            = {2013}
}
@article{Garrison2005,
  author          = {Garrison, D Randy and Cleveland-Innes, Martha},
  doi             = {10.1207/s15389286ajde1903},
  isbn            = {0892-3647},
  issn            = {08923647},
  journal         = {American Journal of Distance Education},
  number          = {3},
  pages           = {133--148},
  pmid            = {18105836},
  title           = {{Facilitating Cognitive Presence in Online Learning}},
  url             = {http://scholar.google.com/scholar?hl=en{\&}btnG=Search{\&}q=intitle:Facilitating+Cognitive+Presence+in+Online+Learning:+Interaction+Is+Not+Enough{\#}0},
  volume          = {19},
  year            = {2005}
}
@book{Gell2010a,
  author          = {Gell, Christopher and Bormuth, Volker and Brouhard, Gary J. and Cohen, Daniel N. and Diez, Stefan and Friel, Claire T. and Helenius, Jonne and Nitzsche, Bert and Petzold, Heike and Ribbe, Jan and Sch??ffer, Erik and Stear, Jeffrey H. and Trushko, Anastasiya and Varga, Vladimir and Widlund, Per O. and Zanic, Marija and Howard, Jonathon and Sch{\"{a}}ffer, Erik and Stear, Jeffrey H. and Trushko, Anastasiya and Varga, Vladimir and Widlund, Per O. and Zanic, Marija and Howard, Jonathon},
  booktitle       = {Methods in Cell Biology},
  doi             = {10.1016/S0091-679X(10)95013-9},
  edition         = {First edit},
  isbn            = {9780123748157},
  issn            = {0091679X},
  number          = {C},
  pages           = {221--245},
  pmid            = {20466138},
  publisher       = {Elsevier},
  title           = {{Microtubule dynamics reconstituted in vitro and imaged by single-molecule fluorescence microscopy}},
  url             = {http://dx.doi.org/10.1016/S0091-679X(10)95013-9},
  volume          = {95},
  year            = {2010}
}
@article{Gell2011,
  author          = {Gell, Christopher and Friel, Claire T and Borgonovo, Barbara and Drechsel, David N and Hyman, Anthony a and Howard, Jonathon},
  doi             = {10.1007/978-1-61779-252-6},
  isbn            = {978-1-61779-251-9},
  keywords        = {microtubules,phosphocellulose,porcine brain,purification,tubulin},
  pages           = {15--28},
  title           = {{Purification of Tubulin from Porcine Brain}},
  url             = {http://link.springer.com/10.1007/978-1-61779-252-6},
  volume          = {777},
  year            = {2011}
}
@article{Geraldo2009,
  author          = {Geraldo, S. and Gordon-Weeks, P. R.},
  doi             = {10.1242/jcs.042309},
  isbn            = {1477-9137 (Electronic)$\backslash$n1477-9137 (Linking)},
  issn            = {0021-9533},
  journal         = {Journal of Cell Science},
  keywords        = {actin filaments,cytoskeleton,filopodia,growth cone,microtubules,pathfinding},
  number          = {20},
  pages           = {3595--3604},
  pmid            = {19812305},
  title           = {{Cytoskeletal dynamics in growth-cone steering}},
  volume          = {122},
  year            = {2009}
}
@article{Glikson2013,
  author          = {Glikson, Andrew},
  doi             = {10.1016/j.ancene.2014.02.002},
  isbn            = {2213-3054},
  issn            = {22133054},
  journal         = {Anthropocene},
  keywords        = {Anthropocene,Combustion,Fire,Homo,Ignition,Prehistory},
  number          = {2013},
  pages           = {89--92},
  publisher       = {Elsevier B.V.},
  title           = {{Fire and human evolution: The deep-time blueprints of the Anthropocene}},
  url             = {http://dx.doi.org/10.1016/j.ancene.2014.02.002},
  volume          = {3},
  year            = {2013}
}
@article{Greggor2015,
  author          = {Greggor, Alison L. and Thornton, Alex and Clayton, Nicola S.},
  doi             = {10.1016/j.cobeha.2015.10.007},
  issn            = {23521546},
  journal         = {Current Opinion in Behavioral Sciences},
  pages           = {82--89},
  publisher       = {Elsevier Ltd},
  title           = {{Neophobia is not only avoidance: Improving neophobia tests by combining cognition and ecology}},
  volume          = {6},
  year            = {2015}
}
@article{Grigorieff2018,
  author          = {Grigorieff, Nikolaus and Szczesna, Ewa and Roll-Mecak, Antonina and Zehr, Elena A. and Vemu, Annapurna and Spector, Jeffrey O. and Deaconescu, Alexandra M.},
  doi             = {10.1126/science.aau1504},
  issn            = {0036-8075},
  journal         = {Science},
  number          = {6404},
  pages           = {eaau1504},
  title           = {{Severing enzymes amplify microtubule arrays through lattice GTP-tubulin incorporation}},
  volume          = {361},
  year            = {2018}
}
@article{Grupe2013,
  archiveprefix   = {arXiv},
  arxivid         = {NIHMS150003},
  author          = {Grupe, Dan W. and Nitschke, Jack B.},
  doi             = {10.1038/nrn3524},
  eprint          = {NIHMS150003},
  isbn            = {1471-0048 (Electronic)$\backslash$n1471-003X (Linking)},
  issn            = {1471003X},
  journal         = {Nature Reviews Neuroscience},
  number          = {7},
  pages           = {488--501},
  pmid            = {23783199},
  title           = {{Uncertainty and anticipation in anxiety: An integrated neurobiological and psychological perspective}},
  volume          = {14},
  year            = {2013}
}
@article{Gustafsson2014,
  author          = {Gustafsson, Nils},
  number          = {August},
  pages           = {1--54},
  title           = {{In vitro Microtubule Tip Tracking : A quantitative study of the accuracy and precision . by}},
  year            = {2014}
}
@article{Guttinger2009,
  author          = {G{\"{u}}ttinger, Stephan and Laurell, Eva and Kutay, Ulrike},
  doi             = {10.1038/nrm2641},
  isbn            = {1471-0080 (Electronic)},
  issn            = {1471-0072},
  journal         = {Nature reviews. Molecular cell biology},
  number          = {3},
  pages           = {178--191},
  pmid            = {19234477},
  title           = {{Orchestrating nuclear envelope disassembly and reassembly during mitosis.}},
  volume          = {10},
  year            = {2009}
}
@article{Habchi2014,
  author          = {Habchi, Johnny and Tompa, Peter and Longhi, Sonia and Uversky, Vladimir N.},
  doi             = {10.1021/cr400514h},
  isbn            = {1520-6890 (Electronic)$\backslash$r0009-2665 (Linking)},
  issn            = {15206890},
  journal         = {Chemical Reviews},
  number          = {13},
  pages           = {6561--6588},
  pmid            = {24739139},
  title           = {{Introducing protein intrinsic disorder}},
  volume          = {114},
  year            = {2014}
}
@article{Hagestedt2004,
  author          = {Hagestedt, T.},
  doi             = {10.1083/jcb.109.4.1643},
  issn            = {0021-9525},
  journal         = {The Journal of Cell Biology},
  number          = {4},
  pages           = {1643--1651},
  title           = {{Tau protein becomes long and stiff upon phosphorylation: correlation between paracrystalline structure and degree of phosphorylation}},
  volume          = {109},
  year            = {2004}
}
@article{Hannabuss2019,
  author          = {Hannabuss, Jonathon and Lera-Ramirez, Manuel and Cade, Nicholas I. and Fourniol, Franck J. and N{\'{e}}d{\'{e}}lec, Fran{\c{c}}ois and Surrey, Thomas},
  doi             = {10.1016/j.cub.2019.05.049},
  issn            = {09609822},
  journal         = {Current Biology},
  keywords        = {Cytosim,anaphase,computer simulation,in vitro reconstitution,kinesin,microtubule,mitotic spindle,motor protein,self-organization,spindle midzone},
  number          = {13},
  pages           = {2120--2130.e7},
  title           = {{Self-Organization of Minimal Anaphase Spindle Midzone Bundles}},
  volume          = {29},
  year            = {2019}
}
@article{He2010,
  archiveprefix   = {arXiv},
  arxivid         = {NIHMS150003},
  author          = {He, Biyu J. and Zempel, John M. and Snyder, Abraham Z. and Raichle, Marcus E.},
  doi             = {10.1016/j.neuron.2010.04.020},
  eprint          = {NIHMS150003},
  isbn            = {1097-4199 (Electronic)$\backslash$n0896-6273 (Linking)},
  issn            = {08966273},
  journal         = {Neuron},
  keywords        = {SIGNALING,SYSBIO,SYSNEURO},
  number          = {3},
  pages           = {353--369},
  pmid            = {20471349},
  publisher       = {Elsevier Ltd},
  title           = {{The temporal structures and functional significance of scale-free brain activity}},
  url             = {http://dx.doi.org/10.1016/j.neuron.2010.04.020},
  volume          = {66},
  year            = {2010}
}
@article{Healthcare2011,
  author          = {Healthcare, G E},
  journal         = {Certificate of Analysis},
  pages           = {1--2},
  title           = {{PreScission Protease}},
  year            = {2011}
}
@article{Hendricks2012,
  author          = {Hendricks, Adam G. and Lazarus, Jacob E. and Perlson, Eran and Gardner, Melissa K. and Odde, David J. and Goldman, Yale E. and Holzbaur, Erika L F},
  doi             = {10.1016/j.cub.2012.02.023},
  isbn            = {1879-0445 (Electronic)$\backslash$r0960-9822 (Linking)},
  issn            = {09609822},
  journal         = {Current Biology},
  number          = {7},
  pages           = {632--637},
  pmid            = {22445300},
  publisher       = {Elsevier Ltd},
  title           = {{Dynein tethers and stabilizes dynamic microtubule plus ends}},
  url             = {http://dx.doi.org/10.1016/j.cub.2012.02.023},
  volume          = {22},
  year            = {2012}
}
@article{Hendsch1994,
  author          = {Hendsch, Zachary S. and Tidor, Bruce},
  doi             = {10.1002/pro.5560030206},
  issn            = {1469896X},
  journal         = {Protein Science},
  keywords        = {Poisson‐Boltzmann equation,continuum electrostatics,ion pairs,protein electrostatics,protein stability,salt bridges},
  number          = {2},
  pages           = {211--226},
  pmid            = {8003958},
  title           = {{Do salt bridges stabilize proteins? A continuum electrostatic analysis}},
  volume          = {3},
  year            = {1994}
}
@incollection{woodruff2015method,
  title={Method: In vitro analysis of pericentriolar material assembly},
  author={Woodruff, Jeffrey B and Hyman, Anthony A},
  booktitle={Methods in cell biology},
  volume={129},
  pages={369--382},
  year={2015},
  publisher={Elsevier}
}
@article{HERNANDEZVEGA20172304,
  author          = {Hern{\'{a}}ndez-Vega, Amayra and Braun, Marcus and Scharrel, Lara and Jahnel, Marcus and Wegmann, Susanne and Hyman, Bradley T and Alberti, Simon and Diez, Stefan and Hyman, Anthony A},
  doi             = {https://doi.org/10.1016/j.celrep.2017.08.042},
  issn            = {2211-1247},
  journal         = {Cell Reports},
  keywords        = { cytoskeleton, drops, intrinsically disordered proteins, liquid-like, microtubule bundles, multivalency, nucleation, phase separation, tubulin,tau},
  number          = {10},
  pages           = {2304--2312},
  title           = {{Local Nucleation of Microtubule Bundles through Tubulin Concentration into a Condensed Tau Phase}},
  url             = {https://www.sciencedirect.com/science/article/pii/S221112471731149X},
  volume          = {20},
  year            = {2017}
}
@article{Herrmann2018,
  author          = {Herrmann, Arvid and Livanos, Pantelis and Lipka, Elisabeth and Gadeyne, Astrid and Hauser, Marie‐Theres and {Van Damme}, Dani{\"{e}}l and M{\"{u}}ller, Sabine},
  doi             = {10.15252/embr.201846085},
  issn            = {1469-221X},
  journal         = {EMBO reports},
  keywords        = {cytokinesis,cytoskeleton,division plane,phragmoplast},
  number          = {9},
  pages           = {1--16},
  title           = {{ Dual localized kinesin‐12 POK 2 plays multiple roles during cell division and interacts with MAP 65‐3 }},
  volume          = {19},
  year            = {2018}
}
@article{Hibbel2015c,
  author          = {Hibbel, Anneke},
  number          = {August 1981},
  title           = {{Characterization of kinesin Kip2 by total internal reflection fluorescence microscopy}},
  year            = {2015}
}
@article{Himmler1381,
  author    = {Himmler, A and Drechsel, D and Kirschner, M W and Martin, D W},
  doi       = {10.1128/MCB.9.4.1381},
  issn      = {0270-7306},
  journal   = {Molecular and Cellular Biology},
  number    = {4},
  pages     = {1381--1388},
  publisher = {American Society for Microbiology Journals},
  title     = {{Tau consists of a set of proteins with repeated C-terminal microtubule-binding domains and variable N-terminal domains.}},
  url       = {https://mcb.asm.org/content/9/4/1381},
  volume    = {9},
  year      = {1989}
}
@article{Qiang2006,
   author = {Liang Qiang and Wenqian Yu and Athena Andreadis and Minhua Luo and Peter W Baas},
   issn = {0270-6474},
   issue = {12},
   journal = {Journal of Neuroscience},
   pages = {3120-3129},
   publisher = {Soc Neuroscience},
   title = {Tau protects microtubules in the axon from severing by katanin},
   volume = {26},
   year = {2006},
}
@article{Hinrichs2012b,
  author          = {Hinrichs, Maike H. and Jalal, Avesta and Brenner, Bernhard and Mandelkow, Eckhard and Kumar, Satish and Scholz, Tim},
  doi             = {10.1074/jbc.M112.369785},
  isbn            = {1083-351X (Electronic)$\backslash$n0021-9258 (Linking)},
  issn            = {00219258},
  journal         = {Journal of Biological Chemistry},
  number          = {46},
  pages           = {38559--38568},
  pmid            = {23019339},
  title           = {{Tau protein diffuses along the microtubule lattice}},
  volume          = {287},
  year            = {2012}
}
@article{Holzbaur2011,
  archiveprefix   = {arXiv},
  arxivid         = {NIHMS150003},
  author          = {Holzbaur, Erika L.F. and Scherer, Steven S.},
  doi             = {10.1056/NEJMcibr1112481},
  eprint          = {NIHMS150003},
  isbn            = {0009-2665},
  issn            = {0028-4793},
  journal         = {New England Journal of Medicine},
  number          = {24},
  pages           = {2330--2332},
  pmid            = {19772347},
  title           = {{Microtubules, Axonal Transport, and Neuropathy}},
  url             = {http://www.nejm.org/doi/abs/10.1056/NEJMcibr1112481},
  volume          = {365},
  year            = {2011}
}
@article{Horio2014,
  author          = {Horio, Tetsuya and Murata, Takashi and Damme, Dani{\"{e}}l Van},
  doi             = {10.3389/fpls.2014.00511},
  issn            = {1664-462X},
  journal         = {Plant Traffic and Transport},
  keywords        = {GTP hydrolysi,GTP hydrolysis,cortical array,dynamic instability,gtp hydrolysis,microtubule,phragmoplast,tubulin},
  number          = {October},
  pages           = {1--10},
  pmid            = {25339962},
  title           = {{The role of dynamic instability in microtubule organization}},
  url             = {http://journal.frontiersin.org/journal/10.3389/fpls.2014.00511/full http://www.frontiersin.org/Plant{\_}Traffic{\_}and{\_}Transport/10.3389/fpls.2014.00511/abstract{\%}5Cnhttp://www.ncbi.nlm.nih.gov/pmc/articles/PMC4188131/pdf/fpls-05-00511.pdf{\%}5Cnhttp://journal.fron},
  volume          = {5},
  year            = {2014}
}
@article{Howard2003,
  author          = {Howard, Joe and Hyman, Anthony A.},
  doi             = {10.1038/nature01600},
  isbn            = {0028-0836 (Print)},
  issn            = {0028-0836},
  journal         = {Nature},
  keywords        = {Animals,Guanosine Triphosphate,Guanosine Triphosphate: metabolism,Hydrolysis,Kinesin,Kinesin: metabolism,Microtubule-Associated Proteins,Microtubule-Associated Proteins: metabolism,Microtubules,Microtubules: chemistry,Microtubules: metabolism,Molecular Motor Proteins,Molecular Motor Proteins: metabolism,Neoplasm Proteins},
  number          = {6933},
  pages           = {753--758},
  pmid            = {12700769},
  title           = {{Dynamics and mechanics of the microtubule plus end}},
  url             = {http://www.ncbi.nlm.nih.gov/pubmed/12700769},
  volume          = {422},
  year            = {2003}
}
@incollection{HYMAN1991478,
author = {Hyman, Anthony and Drechsel, David and Kellogg, Doug and Salser, Steve and Sawin, Ken and Steffen, Pam and Wordeman, Linda and Mitchison, Tim},
booktitle = {Molecular Motors and the Cytoskeleton},
doi = {https://doi.org/10.1016/0076-6879(91)96041-O},
issn = {0076-6879},
pages = {478--485},
publisher = {Academic Press},
series = {Methods in Enzymology},
title = {{[39] Preparation of modified tubulins}},
url = {https://www.sciencedirect.com/science/article/pii/007668799196041O},
volume = {196},
year = {1991}
}
@article{Hyman1992,
  author          = {Hyman, A A and Salser, S and Drechsel, D N and Unwin, N and Mitchison, T J},
  doi             = {10.1091/mbc.E12-03-0186},
  isbn            = {1059-1524 (Print)$\backslash$n1059-1524 (Linking)},
  issn            = {1059-1524},
  journal         = {Molecular biology of the cell},
  keywords        = {Animals,Binding Sites,Cattle,Electron,Guanosine Triphosphate,Guanosine Triphosphate: analogs {\&} derivatives,Guanosine Triphosphate: metabolism,Hydrolysis,Kinetics,Microscopy,Microtubules,Microtubules: metabolism,Microtubules: ultrastructure,Polymers,Polymers: metabolism},
  number          = {10},
  pages           = {1155--67},
  pmid            = {1421572},
  title           = {{Role of GTP hydrolysis in microtubule dynamics: information from a slowly hydrolyzable analogue, GMPCPP.}},
  url             = {http://www.ncbi.nlm.nih.gov/pubmed/1421572},
  volume          = {3},
  year            = {1992}
}
@article{Iandoli2014,
  author          = {Iandoli, Luca and Quinto, Ivana and {De Liddo}, Anna and {Buckingham Shum}, Simon},
  doi             = {10.1016/j.ijhcs.2013.08.006},
  isbn            = {1071-5819},
  issn            = {10715819},
  journal         = {International Journal of Human Computer Studies},
  keywords        = {Collective deliberation,Common ground,Computer-supported argument visualization,Debate dashboard,Grounding process,Visual feedback},
  number          = {3},
  pages           = {298--319},
  publisher       = {Elsevier},
  title           = {{Socially augmented argumentation tools: Rationale, design and evaluation of a debate dashboard}},
  url             = {http://dx.doi.org/10.1016/j.ijhcs.2013.08.006},
  volume          = {72},
  year            = {2014}
}
@article{Indahningrum2020,
  author          = {Thomas, Ezekiel C. ThomasEzekiel C.},
  isbn            = {9789896540821},
  number          = {1},
  pages           = {1--9},
  title           = {{Ase1 domains dynamically slow anaphase spindle elongation and recruit Bim1 to the midzone}},
  volume          = {2507},
  year            = {2020}
}
@article{Janetos2009,
  author          = {Janetos, Anthony C},
  doi             = {10.1890/1540-9295-7.9.455},
  isbn            = {9780309144889},
  issn            = {1540-9295},
  journal         = {Frontiers in Ecology and the Environment},
  number          = {9},
  pages           = {455--455},
  pmid            = {20662113},
  title           = {{A New Biology for the 21st Century}},
  volume          = {7},
  year            = {2009}
}
@article{Janke2014,
  author          = {Janke, C.},
  doi             = {10.1083/jcb.201406055},
  issn            = {0021-9525},
  journal         = {The Journal of Cell Biology},
  number          = {4},
  pages           = {461--472},
  pmid            = {25135932},
  title           = {{The tubulin code: Molecular components, readout mechanisms, and functions}},
  url             = {http://www.ncbi.nlm.nih.gov/pubmed/25135932},
  volume          = {206},
  year            = {2014}
}
@article{Janke2020,
  author   = {Janke, Carsten and Magiera, Maria M},
  doi      = {10.1038/s41580-020-0214-3},
  issn     = {1471-0080},
  journal  = {Nature Reviews Molecular Cell Biology},
  number   = {6},
  pages    = {307--326},
  title    = {{The tubulin code and its role in controlling microtubule properties and functions}},
  url      = {https://doi.org/10.1038/s41580-020-0214-3},
  volume   = {21},
  year     = {2020}
}
@article{Janosi2002,
  author          = {J{\'{a}}nosi, Imre M and Chr{\'{e}}tien, Denis and Flyvbjerg, Henrik},
  doi             = {10.1016/S0006-3495(02)73902-7},
  isbn            = {0006-3495 (Print)},
  issn            = {00063495},
  journal         = {Biophysical journal},
  number          = {3},
  pages           = {1317--1330},
  pmid            = {12202357},
  title           = {{Structural microtubule cap: stability, catastrophe, rescue, and third state.}},
  volume          = {83},
  year            = {2002}
}
@article{Janson2007,
  author          = {Janson, Marcel E. and Loughlin, Rose and Lo{\"{i}}odice, Isabelle and Fu, Chuanhai and Brunner, Damian and N{\'{e}}d{\'{e}}lec, Fran{\c{c}}ois J. and Tran, Phong T.},
  doi             = {10.1016/j.cell.2006.12.030},
  isbn            = {0092-8674 (Print) 0092-8674 (Linking)},
  issn            = {00928674},
  journal         = {Cell},
  keywords        = {Cytosim simulation},
  number          = {2},
  pages           = {357--368},
  pmid            = {17254972},
  title           = {{Crosslinkers and Motors Organize Dynamic Microtubules to Form Stable Bipolar Arrays in Fission Yeast}},
  volume          = {128},
  year            = {2007}
}
@article{Jemseena2013,
  archiveprefix   = {arXiv},
  arxivid         = {arXiv:1308.5778v2},
  author          = {Jemseena, V. and Gopalakrishnan, Manoj},
  doi             = {10.1103/PhysRevE.88.032717},
  eprint          = {arXiv:1308.5778v2},
  issn            = {15393755},
  journal         = {Physical Review E - Statistical, Nonlinear, and Soft Matter Physics},
  number          = {3},
  pages           = {1--15},
  title           = {{Microtubule catastrophe from protofilament dynamics}},
  volume          = {88},
  year            = {2013}
}
@article{Jiang2017,
  author   = {Jiang, Kai and Rezabkova, Lenka and Hua, Shasha and Liu, Qingyang and Capitani, Guido and Altelaar, A F Maarten and Heck, Albert J. R. and Kammerer, Richard A and Steinmetz, Michel O and Akhmanova, Anna},
  doi      = {10.1038/ncb3511},
  issn     = {1476-4679},
  journal  = {Nature Cell Biology},
  number   = {5},
  pages    = {480--492},
  title    = {{Microtubule minus-end regulation at spindle poles by an ASPM-katanin complex}},
  url      = {https://doi.org/10.1038/ncb3511},
  volume   = {19},
  year     = {2017}
}
@article{Joly3604,
  author    = {Joly, Nicolas and Martino, Lisa and Gigant, Emmanuelle and Dumont, Julien and Pintard, Lionel},
  doi       = {10.1242/dev.140830},
  issn      = {0950-1991},
  journal   = {Development},
  number    = {19},
  pages     = {3604--3614},
  publisher = {The Company of Biologists Ltd},
  title     = {{Microtubule-severing activity of the AAA+ ATPase Katanin is essential for female meiotic spindle assembly}},
  url       = {https://dev.biologists.org/content/143/19/3604},
  volume    = {143},
  year      = {2016}
}
@article{Kadavath2015,
  author          = {Kadavath, Harindranath and Hofele, Romina V. and Biernat, Jacek and Kumar, Satish and Tepper, Katharina and Urlaub, Henning and Mandelkow, Eckhard and Zweckstetter, Markus},
  doi             = {10.1073/pnas.1504081112},
  issn            = {0027-8424},
  journal         = {Proceedings of the National Academy of Sciences},
  pages           = {201504081},
  title           = {{Tau stabilizes microtubules by binding at the interface between tubulin heterodimers}},
  url             = {http://www.pnas.org/lookup/doi/10.1073/pnas.1504081112},
  year            = {2015}
}
@article{Kadavath2015b,
  author          = {Kadavath, Harindranath and Jaremko, Mariusz and Jaremko, Jukasz and Biernat, Jacek and Mandelkow, Eckhard and Zweckstetter, Markus},
  doi             = {10.1002/anie.201501714},
  issn            = {15213773},
  journal         = {Angewandte Chemie - International Edition},
  keywords        = {Alzheimer's disease,NMR spectroscopy,Tau protein,microtubules,structure elucidation},
  number          = {35},
  pages           = {10347--10351},
  title           = {{Folding of the Tau Protein on Microtubules}},
  volume          = {54},
  year            = {2015}
}
@article{Kapitein2008,
  author          = {Kapitein, Lukas C. and Janson, Marcel E. and van den Wildenberg, S. M J L and Hoogenraad, Casper C. and Schmidt, Christoph F. and Peterman, E. J G},
  doi             = {10.1016/j.cub.2008.09.046},
  isbn            = {0960-9822},
  issn            = {09609822},
  journal         = {Current Biology},
  keywords        = {CELLBIO,clusters},
  number          = {21},
  pages           = {1713--1717},
  pmid            = {18976915},
  publisher       = {Elsevier Ltd},
  title           = {{Microtubule-Driven Multimerization Recruits ase1p onto Overlapping Microtubules}},
  url             = {http://dx.doi.org/10.1016/j.cub.2008.09.046},
  volume          = {18},
  year            = {2008}
}
@article{Kaplan2016,
  author          = {Kaplan, Jonas T. and Gimbel, Sarah I. and Harris, Sam},
  doi             = {10.1038/srep39589},
  isbn            = {9781447165965},
  issn            = {20452322},
  journal         = {Scientific Reports},
  number          = {November},
  pages           = {1--11},
  pmid            = {28008965},
  publisher       = {Nature Publishing Group},
  title           = {{Neural correlates of maintaining one's political beliefs in the face of counterevidence}},
  url             = {http://dx.doi.org/10.1038/srep39589},
  volume          = {6},
  year            = {2016}
}
@article{Karsenti2008,
  author          = {Karsenti, Eric},
  doi             = {10.1038/nrm2357},
  issn            = {14710072},
  journal         = {Nature Reviews Molecular Cell Biology},
  number          = {3},
  pages           = {255--262},
  title           = {{Self-organization in cell biology: A brief history}},
  volume          = {9},
  year            = {2008}
}
@article{Katsuki2009,
  author          = {Katsuki, Miho and Drummond, Douglas R. and Osei, Michael and Cross, Robert A.},
  doi             = {10.1074/jbc.C109.052159},
  isbn            = {0021-9258},
  issn            = {00219258},
  journal         = {Journal of Biological Chemistry},
  number          = {43},
  pages           = {29246--29250},
  pmid            = {19740752},
  title           = {{Mal3 masks catastrophe events in Schizosaccharomyces pombe microtubules by inhibiting shrinkage and promotingrescue}},
  volume          = {284},
  year            = {2009}
}
@article{Hartman1998,
   author = {James J Hartman and Jeff Mahr and Karen McNally and Katsuya Okawa and Akihiro Iwamatsu and Susan Thomas and Sarah Cheesman and John Heuser and Ronald D Vale and Francis J McNally},
   doi = {10.1016/S0092-8674(00)81578-0},
   issn = {0092-8674},
   issue = {2},
   journal = {Cell},
   month = {4},
   note = {doi: 10.1016/S0092-8674(00)81578-0},
   pages = {277-287},
   publisher = {Elsevier},
   title = {Katanin, a Microtubule-Severing Protein, Is a Novel AAA ATPase that Targets to the Centrosome Using a WD40-Containing Subunit},
   volume = {93},
   url = {https://doi.org/10.1016/S0092-8674(00)81578-0},
   year = {1998},
}

@article{Johjima2015,
   abstract = {The microtubule (MT) network is highly dynamic and undergoes dramatic reorganizations during the cell cycle. Dimers of α-andβ-tubulins rapidly polymerize to and depolymerize from the end of MT fibrils in an intrinsic GTP-dependent manner. MT severing by ATP-driven enzymes such as katanin and spastin contributes significantly to microtubule dynamics, and it has been shown that katanin p60, a AAA+ family protein, has ATPase and MT-severing activities. The mechanism of MTsevering by katanin p60 is poorly understood, and the residues in katanin p60 and tubulins important for severing activity were therefore explored in this study. MT-severing activity, but not ATPase activity, was inhibited by mutations of the conserved aromatic residue and the flanking basic residues in the pore region of the katanin p60 hexameric ring. When the acidic residue-rich C-terminal unstructured segment of eitherα-orβ-tubulin was removed, polymerized MTs were resistant to katanin p60 treatment. Interactions between katanin p60 and the mutant MTs, on the other hand, were unaffected. Taken together, these findings led us to propose that the interactions between the positively charged residues of katanin p60 and the acidic tails of both tubulins are essential for efficient severing of MTs.},
   author = {Ai Johjima and Kentaro Noi and Shingo Nishikori and Hirotsugu Ogi and Masatoshi Esaki and Teru Ogura},
   doi = {10.1074/jbc.M114.614768},
   issn = {1083351X},
   issue = {18},
   journal = {Journal of Biological Chemistry},
   month = {5},
   pages = {11762-11770},
   pmid = {25805498},
   publisher = {American Society for Biochemistry and Molecular Biology Inc.},
   title = {Microtubule severing by katanin p60 AAA+ATPase requires the C-terminal acidic tails of both α-and β-tubulins and basic amino acid residues in the AAA+ring pore},
   volume = {290},
   year = {2015},
}
@article{Lombino2019,
   abstract = {Microtubule severing regulates cytoskeletal rearrangement underlying various cellular functions. Katanin, a heterodimer, consisting of catalytic (p60) and regulatory (p80) subunits severs dynamic microtubules to modulate several stages of cell division. The role of p60 katanin in the mammalian brain with respect to embryonic and adult neurogenesis is poorly understood. Here, we generated a Katna1 knockout mouse and found that consistent with a critical role of katanin in mitosis, constitutive homozygous Katna1 depletion is lethal. Katanin p60 haploinsufficiency induced an accumulation of neuronal progenitors in the subventricular zone during corticogenesis, and impaired their proliferation in the adult hippocampus dentate gyrus (DG) subgranular zone. This did not compromise DG plasticity or spatial and contextual learning and memory tasks employed in our study, consistent with the interpretation that adult neurogenesis may be associated with selective forms of hippocampal-dependent cognitive processes. Our data identify a critical role for the microtubule-severing protein katanin p60 in regulating neuronal progenitor proliferation in vivo during embryonic development and adult neurogenesis.},
   author = {Franco L Lombino and Mary Muhia and Jeffrey Lopez-Rojas and Monika S Brill and Edda Thies and Laura Ruschkies and David Lutz and Melanie Richter and Torben J Hausrat and André T Lopes and Francis J McNally and Irm Hermans-Borgmeyer and Jessica E M Dunleavy and Sabine Hoffmeister-Ullerich and Michael Frotscher and Thomas Misgeld and Michael R Kreutz and Froylan Calderon de Anda and Matthias Kneussel},
   doi = {10.1038/s41598-019-52367-3},
   issn = {2045-2322},
   issue = {1},
   journal = {Scientific Reports},
   pages = {15940},
   title = {The Microtubule Severing Protein Katanin Regulates Proliferation of Neuronal Progenitors in Embryonic and Adult Neurogenesis},
   volume = {9},
   url = {https://doi.org/10.1038/s41598-019-52367-3},
   year = {2019},
}
@article{Bormuth2012,
   author = {Volker Bormuth and Bert Nitzsche and Felix Ruhnow and Aniruddha Mitra and Marko Storch and Burkhard Rammner and Jonathon Howard and Stefan Diez},
   doi = {10.1016/j.bpj.2012.05.024},
   issn = {0006-3495},
   issue = {1},
   journal = {Biophysical Journal},
   month = {7},
   note = {doi: 10.1016/j.bpj.2012.05.024},
   pages = {L4-L6},
   publisher = {Elsevier},
   title = {The Highly Processive Kinesin-8, Kip3, Switches Microtubule Protofilaments with a Bias toward the Left},
   volume = {103},
   url = {https://doi.org/10.1016/j.bpj.2012.05.024},
   year = {2012},
}
@article{Xie2021,
   abstract = {Kinesin-8 molecular motor can move with superprocessivity on microtubules towards the plus end by hydrolyzing ATP molecules, depolymerizing microtubules. The available single molecule data for yeast kinesin-8 (Kip3) motor showed that its superprocessive movement is frequently interrupted by brief stick–slip motion. Here, a model is presented for the chemomechanical coupling of the kinesin-8 motor. On the basis of the model, the dynamics of Kip3 motor is studied analytically. The analytical results reproduce quantitatively the available single molecule data on velocity without including the slip and that with including the slip versus external load at saturating ATP as well as slipping velocity versus external load at saturating ADP and no ATP. Predicted results on load dependence of stepping ratio at saturating ATP and load dependence of velocity at non-saturating ATP are provided. Similarities and differences between dynamics of kinesin-8 and that of kinesin-1 are discussed.},
   author = {Ping Xie},
   doi = {10.1038/s41598-021-87532-0},
   issn = {20452322},
   issue = {1},
   journal = {Scientific Reports},
   month = {12},
   pmid = {33850247},
   publisher = {Nature Research},
   title = {A model of processive walking and slipping of kinesin-8 molecular motors},
   volume = {11},
   year = {2021},
}
@article{Lin2020,
   author = {Yang Lin and Ya Lan Wei and Zhen Yu She},
   doi = {10.1007/s00412-020-00736-7},
   issn = {14320886},
   issue = {2},
   journal = {Chromosoma},
   keywords = {Cell division,Chromosome,KIF18A,Kinesin-8,Microtubule,Spindle},
   month = {6},
   pages = {99-110},
   pmid = {32417983},
   publisher = {Springer},
   title = {Kinesin-8 motors: regulation of microtubule dynamics and chromosome movements},
   volume = {129},
   year = {2020},
}
@article{kawaguchi,
  annote   = {PMID: 22785106},
  author   = {Kawaguchi, Kenji},
  doi      = {10.1177/1073858412451655},
  journal  = {The Neuroscientist},
  number   = {4},
  pages    = {336--344},
  title    = {{Role of Kinesin-1 in the Pathogenesis of SPG10, a Rare Form of Hereditary Spastic Paraplegia}},
  url      = {https://doi.org/10.1177/1073858412451655},
  volume   = {19},
  year     = {2013}
}
@article{Kellogg2016,
  author          = {Kellogg, Elizabeth H. and Howes, Stuart and Ti, Shih Chieh and Ram{\'{i}}rez-Aportela, Erney and Kapoor, Tarun M. and Chac{\'{o}}n, Pablo and Nogales, Eva},
  doi             = {10.1073/pnas.1609903113},
  issn            = {10916490},
  journal         = {Proceedings of the National Academy of Sciences of the United States of America},
  keywords        = {Cryo-EM,Cytoskeleton,MAPs,Microtubules,PRC1},
  number          = {34},
  pages           = {9430--9439},
  pmid            = {27493215},
  title           = {{Near-atomic cryo-EM structure of PRC1 bound to the microtubule}},
  volume          = {113},
  year            = {2016}
}
@article{Kellogg2018,
  author          = {Kellogg, Elizabeth H. and Hejab, Nisreen M.A. A. and Poepsel, Simon and Downing, Kenneth H. and DiMaio, Frank and Nogales, Eva},
  doi             = {10.1126/science.aat1780},
  isbn            = {1095-9203 (Electronic) 0036-8075 (Linking)},
  issn            = {10959203},
  journal         = {Science},
  number          = {May},
  pages           = {1--8},
  pmid            = {29748322},
  title           = {{Near-atomic model of microtubule-tau interactions}},
  url             = {http://www.sciencemag.org/lookup/doi/10.1126/science.aat1780},
  volume          = {1780},
  year            = {2018}
}
@article{KEVENAAR2016849,
  author   = {Kevenaar, Josta T and Bianchi, Sarah and van Spronsen, Myrrhe and Olieric, Natacha and Lipka, Joanna and Frias, C{\'{a}}tia P and Mikhaylova, Marina and Harterink, Martin and Keijzer, Nanda and Wulf, Phebe S and Hilbert, Manuel and Kapitein, Lukas C and de Graaff, Esther and Ahkmanova, Anna and Steinmetz, Michel O and Hoogenraad, Casper C},
  doi      = {https://doi.org/10.1016/j.cub.2016.01.048},
  issn     = {0960-9822},
  journal  = {Current Biology},
  keywords = { KIF1, KIF13, KIF14, KIF15, KIF18, KIF3, kinesin, microtubule dynamics, synaptic vesicle, trafficking, transport,neuron},
  number   = {7},
  pages    = {849--861},
  title    = {{Kinesin-Binding Protein Controls Microtubule Dynamics and Cargo Trafficking by Regulating Kinesin Motor Activity}},
  url      = {https://www.sciencedirect.com/science/article/pii/S0960982216001305},
  volume   = {26},
  year     = {2016}
}
@article{Liu2009,
   author = {Jing Liu and Zhikai Wang and Kai Jiang and Liangyu Zhang and Lingli Zhao and Shasha Hua and Feng Yan and Yong Yang and Dongmei Wang and Chuanhai Fu and Xia Ding and Zhen Guo and Xuebiao Yao},
   doi = {10.1074/jbc.M109.009670},
   issn = {00219258},
   issue = {34},
   journal = {Journal of Biological Chemistry},
   pages = {23059-23071},
   pmid = {19561070},
   publisher = {Â© 2009 ASBMB. Currently published by Elsevier Inc; originally published by American Society for Biochemistry and Molecular Biology.},
   title = {PRC1 cooperates with CLASP1 to organize central spindle plasticity in mitosis},
   volume = {284},
   url = {http://dx.doi.org/10.1074/jbc.M109.009670},
   year = {2009},
}
@article{Kitazawa2014,
   author = {Daishi Kitazawa and Tatsuru Matsuo and Kana Kaizuka and Chie Miyauchi and Daisuke Hayashi and Yoshihiro H. Inoue},
   doi = {10.1371/journal.pone.0093669},
   issn = {19326203},
   issue = {5},
   journal = {PLoS ONE},
   pmid = {24850412},
   title = {Orbit/CLASP is required for myosin accumulation at the cleavage furrow in Drosophila male meiosis},
   volume = {9},
   year = {2014},
}
@article{Kim2001,
  author          = {Surrey, T.},
  doi             = {10.1126/science.1059758},
  issn            = {00368075},
  journal         = {Science},
  month           = {may},
  number          = {5519},
  pages           = {1167--1171},
  title           = {{Physical Properties Determining Self-Organization of Motors and Microtubules}},
  url             = {http://www.sciencemag.org/cgi/doi/10.1126/science.1059758},
  volume          = {292},
  year            = {2001}
}
@article{Kitano2004,
  author          = {Kitano, Hiroaki},
  doi             = {10.1038/nrg1471},
  isbn            = {978-4-907764-30-2},
  issn            = {14710056},
  journal         = {Nature Reviews Genetics},
  number          = {11},
  pages           = {826--837},
  pmid            = {15520792},
  title           = {{Biological robustness}},
  volume          = {5},
  year            = {2004}
}
@article{Kitzbichler2009,
  author          = {Kitzbichler, Manfred G. and Smith, Marie L. and Christensen, S{\o}ren R. and Bullmore, Ed},
  doi             = {10.1371/journal.pcbi.1000314},
  isbn            = {1553-7358 (Electronic){\$}\backslash{\$}r1553-734X (Linking)},
  issn            = {1553734X},
  journal         = {PLoS Computational Biology},
  number          = {3},
  pmid            = {19300473},
  title           = {{Broadband criticality of human brain network synchronization}},
  volume          = {5},
  year            = {2009}
}
@article{Kondo2010,
  archiveprefix   = {arXiv},
  arxivid         = {NIHMS150003},
  author          = {Kondo, Shigeru and Miura, Takashi},
  doi             = {10.1126/science.1179047},
  eprint          = {NIHMS150003},
  isbn            = {1095-9203 (Electronic)$\backslash$r0036-8075 (Linking)},
  issn            = {10959203},
  journal         = {Science},
  number          = {5999},
  pages           = {1616--1620},
  pmid            = {20929839},
  title           = {{Reaction-diffusion model as a framework for understanding biological pattern formation}},
  volume          = {329},
  year            = {2010}
}
@article{Krahe2015,
  author          = {Krah{\'{e}}, Barbara and Berger, Anja and Vanwesenbeeck, Ine and Bianchi, Gabriel and Chliaoutakis, Joannes and Fern{\'{a}}ndez-Fuertes, Andr{\'{e}}s A. and Fuertes, Antonio and de Matos, Margarida Gaspar and Hadjigeorgiou, Eleni and Haller, Birgitt and Hellemans, Sabine and Izdebski, Zbigniew and Kouta, Christiana and Meijnckens, Dwayne and Murauskiene, Liubove and Papadakaki, Maria and Ramiro, Lucia and Reis, Marta and Symons, Katrien and Tomaszewska, Paulina and Vicario-Molina, Isabel and Zygad{\l}o, Andrzej},
  doi             = {10.1080/13691058.2014.989265},
  issn            = {14645351},
  journal         = {Culture, Health and Sexuality},
  keywords        = {European Union,multi-level correlates,sexual aggression,sexual victimisation,young people},
  number          = {6},
  pages           = {682--699},
  pmid            = {25567318},
  title           = {{Prevalence and correlates of young people's sexual aggression perpetration and victimisation in 10 European countries: a multi-level analysis}},
  volume          = {17},
  year            = {2015}
}
@article{Luchniak2023,
   author = {Anna Luchniak and Yin Wei Kuo and Catherine McGuinness and Sabyasachi Sutradhar and Ron Orbach and Mohammed Mahamdeh and Jonathon Howard},
   doi = {10.1016/j.bpj.2023.01.020},
   issn = {15420086},
   issue = {4},
   journal = {Biophysical Journal},
   pages = {616-623},
   pmid = {36659852},
   publisher = {Biophysical Society},
   title = {Dynamic microtubules slow down during their shrinkage phase},
   volume = {122},
   url = {https://doi.org/10.1016/j.bpj.2023.01.020},
   year = {2023},
}
@misc{Pelletier2024,
   author = {Gregory Pelletier},
   title = {Weighted correlation and covariance (weightedcorrs)},
   url = {https://github.com/gjpelletier/weightedcorrs},
   year = {2024},
}
@article{Drechsler2019,
   author = {Hauke Drechsler and Yong Xu and Veikko F. Geyer and Yixin Zhang and Stefan Diez},
   doi = {10.1091/mbc.E19-05-0247},
   editor = {Thomas Surrey},
   issn = {1059-1524},
   issue = {24},
   journal = {Molecular Biology of the Cell},
   month = {11},
   pages = {2953-2968},
   title = {Multivalent electrostatic microtubule interactions of synthetic peptides are sufficient to mimic advanced MAP-like behavior},
   volume = {30},
   url = {https://www.molbiolcell.org/doi/10.1091/mbc.E19-05-0247},
   year = {2019},
}
@article{Krattenmacher2015,
  author          = {Krattenmacher, Jochen},
  title           = {{Crosslinking by Ase1 in Vitro Stabilizes Dynamic Microtubules}},
  year            = {2015}
}
@article{siahaan2022microtubule,
  title={Microtubule lattice spacing governs cohesive envelope formation of tau family proteins},
  author={Siahaan, Valerie and Tan, Ruensern and Humhalova, Tereza and Libusova, Lenka and Lacey, Samuel E and Tan, Tracy and Dacy, Mariah and Ori-McKenney, Kassandra M and McKenney, Richard J and Braun, Marcus and others},
  journal={Nature chemical biology},
  volume={18},
  number={11},
  pages={1224--1235},
  year={2022},
  publisher={Nature Publishing Group US New York}
}
@article{Krattenmacher2024,
title = {Ase1 selectively increases the lifetime of antiparallel microtubule overlaps},
journal = {Current Biology},
year = {2024},
issn = {0960-9822},
doi = {https://doi.org/10.1016/j.cub.2024.07.055},
url = {https://www.sciencedirect.com/science/article/pii/S0960982224009941},
author = {Jochen Krattenmacher and Manuel Lera-Ramirez and Alexandre Beber and Stepan Herynek and Lenka Grycova and Xiaocheng Liu and Pavel Neuzil and Francois Nedelec and Stefan Diez and Marcus Braun and Zdenek Lansky},
keywords = {microtubules, microtubule arrays, microtubule dynamics, microtubule overlap stability, diffusible microtubule crosslinkers, Ase1/PRC1/MAP65 crosslinkers},
}
@article{Krishnan2012,
  archiveprefix   = {arXiv},
  arxivid         = {MOUSE PART LINK WITH HUMAN},
  author          = {Krishnan, V},
  doi             = {10.1007/7854},
  eprint          = {MOUSE PART LINK WITH HUMAN},
  isbn            = {9783642209246},
  issn            = {18663370},
  journal         = {Current topics in behavioral neurosciences},
  keywords        = {diffusion tensor mri},
  pages           = {121--147},
  pmid            = {22081443},
  title           = {{Animal models of depression: Molecular perspectives}},
  url             = {http://link.springer.com/chapter/10.1007/7854{\_}2011{\_}176},
  volume          = {7},
  year            = {2012}
}
@article{Kumar2014,
  author          = {Kumar, K. Vijay and Bois, Justin S. and J{\"{u}}licher, Frank and Grill, Stephan W.},
  doi             = {10.1103/PhysRevLett.112.208101},
  issn            = {10797114},
  journal         = {Physical Review Letters},
  number          = {20},
  pages           = {1--5},
  title           = {{Pulsatory patterns in active fluids}},
  volume          = {112},
  year            = {2014}
}
@article{L2008,
  author          = {L, Huang T and C, Charyton},
  issn            = {1078-6791 (Print)},
  journal         = {Alternative Therapies in Health and Medicine},
  number          = {5},
  pages           = {38--50},
  pmid            = {18780583},
  title           = {{A comprehensive review of the psychological effects of brainwave entrainment (Structured abstract)}},
  url             = {http://onlinelibrary.wiley.com/o/cochrane/cldare/articles/DARE-12008107810/frame.html},
  volume          = {14},
  year            = {2008}
}
@article{lanskydiffusible2015,
  author          = {Lansky, Zdenek and Braun, Marcus and L{\"{u}}decke, Annemarie and Schlierf, Michael and ten Wolde, Pieter Rein and Janson, Marcel E. and Diez, Stefan},
  doi             = {10.1016/j.cell.2015.01.051},
  issn            = {00928674},
  journal         = {Cell},
  number          = {6},
  pages           = {1--10},
  title           = {{Diffusible Crosslinkers Generate Directed Forces in Microtubule Networks}},
  url             = {http://linkinghub.elsevier.com/retrieve/pii/S0092867415001294},
  volume          = {160},
  year            = {2015}
}
@article{Leduc2012,
  author          = {Leduc, C{\'{e}}cile and Padberg-Gehle, Kathrin and Varga, Vladimiŕ and Helbing, Dirk and Diez, Stefan and Howard, Jonathon},
  doi             = {10.1073/pnas.1107281109},
  issn            = {00278424},
  journal         = {Proceedings of the National Academy of Sciences of the United States of America},
  number          = {16},
  pages           = {6100--6105},
  title           = {{Molecular crowding creates traffic jams of kinesin motors on microtubules}},
  volume          = {109},
  year            = {2012}
}
@article{Lee2015,
  author          = {Lee, Robin Van Der and Buljan, Marija and Lang, Benjamin and Weatheritt, Robert J and Daughdrill, Gary W and Dunker, A Keith and Fuxreiter, Monika and Gough, Julian and Gsponer, Joerg and Jones, David T and Kim, Philip M and Kriwacki, Richard W and Old, Christopher J and Pappu, Rohit V and Tompa, Peter and Uversky, Vladimir N and Wright, Peter E and Babu, M Madan},
  doi             = {10.1021/cr400525m},
  journal         = {Prog Biophys Mol Biol},
  title           = {{Classi fi cation of Intrinsically Disordered Regions and Proteins}},
  year            = {2015}
}
@article{Levine2012,
  author          = {Levine, Daniel S.},
  doi             = {10.1109/IJCNN.2012.6252413},
  isbn            = {9781467314909},
  journal         = {Proceedings of the International Joint Conference on Neural Networks},
  title           = {{I think therefore i feel: Possible neural mechanisms for knowledge-based pleasure}},
  year            = {2012}
}
@article{Lewis-Kraus2016,
  author          = {Lewis-Kraus, Gideon},
  pages           = {1--39},
  title           = {{The Great A . I . Awakening Prologue : You Are What You Have Read}},
  year            = {2016}
}
@article{Loiodice2005,
  author          = {L{\"{o}}iodice, Isabelle},
  doi             = {10.1091/mbc.E04-10-0899},
  isbn            = {1059-1524 (Print)},
  issn            = {1059-1524},
  journal         = {Molecular biology of the cell},
  keywords        = {(Chan et al.,1999,2002,2003,2004,2004). Surprisingly,Mollinari et al.,NASA Discipline Evolutionary Biology,Non-NASA Center,Schuyler et al.,Verbrugghe and White,Verni et al.},
  number          = {1},
  pages           = {1756--1768},
  pmid            = {15509653},
  title           = {{Ase1p Organizes Antiparallel Microtubule Arrays during Interphase and Mitosis in Fission Yeast}},
  url             = {http://www.molbiolcell.org/cgi/doi/10.1091/mbc.E04?10?0899},
  volume          = {16},
  year            = {2005}
}
@article{Loncar2020,
  author          = {Loncar, Ana and Rincon, Sergio A. and Ramirez, Manuel Lera and Paoletti, Anne and Tran, Phong T.},
  doi             = {10.1242/jcs.240234},
  issn            = {14779137},
  journal         = {Journal of Cell Science},
  keywords        = {Fission yeast,Kinesin,Meiosis,Microtubule,Mitosis,Spindle},
  number          = {11},
  pmid            = {32327557},
  title           = {{Kinesin-14 family proteins and microtubule dynamics define S. pombe mitotic and meiotic spindle assembly, and elongation}},
  volume          = {133},
  year            = {2020}
}
@book{Longo2014,
  author          = {Longo, Giuseppe and Mont{\'{e}}vil, Ma{\"{e}}l},
  booktitle       = {Perspectives on Organisms},
  doi             = {10.1007/978-3-642-35938-5},
  isbn            = {978-3-642-35937-8},
  issn            = {2195-1934},
  pages           = {1--23},
  title           = {{Perspectives on Organisms}},
  url             = {http://link.springer.com/10.1007/978-3-642-35938-5},
  year            = {2014}
}
@article{Losa2011,
  author          = {Losa, Gabriele Angelo},
  doi             = {10.1007/978-3-0348-8119-7},
  isbn            = {978-3-0348-9445-6},
  pages           = {6--9},
  title           = {{Fractals in Biology and Medicine}},
  url             = {http://link.springer.com/10.1007/978-3-0348-8119-7},
  year            = {2011}
}
@article{Maddox2003,
  author          = {Maddox, Paul and Straight, Aaron and Coughlin, Peg and Mitchison, Timothy J. and Salmon, Edward D.},
  doi             = {10.1083/jcb.200301088},
  isbn            = {0021-9525 (Print)},
  issn            = {00219525},
  journal         = {Journal of Cell Biology},
  keywords        = {Anaphase,Centromere,Fluorescent speckle microscopy,Kinetochore,Mitosis},
  number          = {3},
  pages           = {377--382},
  pmid            = {12900391},
  title           = {{Direct observation of microtubule dynamics at kinetochores in Xenopus extract spindles: Implications for spindle mechanics}},
  volume          = {162},
  year            = {2003}
}
@article{Magiera2018,
  author          = {Magiera, Maria M. and Singh, Puja and Gadadhar, Sudarshan and Janke, Carsten},
  doi             = {10.1016/j.cell.2018.05.018},
  isbn            = {0092-8674},
  issn            = {10974172},
  journal         = {Cell},
  number          = {6},
  pages           = {1323--1327},
  pmid            = {29856952},
  publisher       = {Elsevier Inc.},
  title           = {{Tubulin Posttranslational Modifications and Emerging Links to Human Disease}},
  url             = {https://doi.org/10.1016/j.cell.2018.05.018},
  volume          = {173},
  year            = {2018}
}
@article{Makrides2004,
  author          = {Makrides, V. and Massie, M. R. and Feinstein, S. C. and Lew, J.},
  doi             = {10.1073/pnas.0400992101},
  issn            = {0027-8424},
  journal         = {Proceedings of the National Academy of Sciences},
  number          = {17},
  pages           = {6746--6751},
  title           = {{Evidence for two distinct binding sites for tau on microtubules}},
  volume          = {101},
  year            = {2004}
}
@article{Song1995,
   author = {Y H Song and E Mandelkow},
   doi = {10.1083/jcb.128.1.81},
   issn = {0021-9525},
   issue = {1},
   journal = {Journal of Cell Biology},
   month = {1},
   pages = {81-94},
   title = {The anatomy of flagellar microtubules: polarity, seam, junctions, and lattice.},
   volume = {128},
   url = {https://rupress.org/jcb/article/128/1/81/20223/The-anatomy-of-flagellar-microtubules-polarity},
   year = {1995},
}
@article{McIntosh2008,
   author = {J. Richard McIntosh and Ekaterina L. Grishchuk and Mary K. Morphew and Artem K. Efremov and Kirill Zhudenkov and Vladimir A. Volkov and Iain M. Cheeseman and Arshad Desai and David N. Mastronarde and Fazly I. Ataullakhanov},
   doi = {10.1016/j.cell.2008.08.038},
   issn = {00928674},
   issue = {2},
   journal = {Cell},
   keywords = {CELLBIO},
   pages = {322-333},
   pmid = {18957206},
   publisher = {Elsevier Inc.},
   title = {Fibrils Connect Microtubule Tips with Kinetochores: A Mechanism to Couple Tubulin Dynamics to Chromosome Motion},
   volume = {135},
   url = {http://dx.doi.org/10.1016/j.cell.2008.08.038},
   year = {2008},
}
@article{Mandelkow2018,
  author          = {Mandelkow, Eckhard and Eftekharzadeh, Bahareh and Laskowski, Pawel R and Dujardin, Simon and Zoltowska, Katarzyna M and Hyman, Anthony A and Muller, Daniel and Hyman, Bradley T and Wegmann, Susanne and Bennett, Rachel E and Tepper, Katharina and Vanderburg, Charles and Fan, Zhanyun and MacKenzie, Danny and Molliex, Amandine M and Taylor, J Paul and Roe, Allyson D and Kamath, Tarun and Commins, Caitlin and Hernandez‐Vega, Amayra},
  doi             = {10.15252/embj.201798049},
  isbn            = {1460-2075 (Electronic) 0261-4189 (Linking)},
  issn            = {0261-4189},
  journal         = {The EMBO Journal},
  keywords        = {15252,201798049,aggregation,alzheimer,doi 10,embj,liquid,liquid phase separation,phosphorylation,protein biosynthesis,quality control,received 18 august 2017,revised 17 january,s disease,subject categories physiology,tau},
  number          = {7},
  pages           = {e98049},
  pmid            = {29472250},
  title           = {{Tau protein liquid-liquid phase separation can initiate tau aggregation}},
  volume          = {37},
  year            = {2018}
}
@article{Markus2010,
  author          = {Markus, Hazel Rose and Kitayama, Shinobu},
  doi             = {10.1177/1745691610375557},
  issn            = {1745-6916},
  journal         = {Perspectives on Psychological Science},
  keywords        = {agency,cul-,culture,decades old,independence,interdependence,is now almost three,self,the empirical study of,the self as a,tural product and process,within psychology},
  number          = {4},
  pages           = {420--430},
  title           = {{Cultures and Selves}},
  volume          = {5},
  year            = {2010}
}
@article{Martinho2018,
  author          = {Martinho, Marl{\`{e}}ne and Allegro, Diane and Huvent, Isabelle and Chabaud, Charlotte and Etienne, Emilien and Kovacic, Herv{\'{e}} and Guigliarelli, Bruno and Peyrot, Vincent and Landrieu, Isabelle and Belle, Val{\'{e}}rie and Barbier, Pascale},
  doi             = {10.1038/s41598-018-32096-9},
  issn            = {20452322},
  journal         = {Scientific Reports},
  number          = {1},
  pages           = {1--11},
  pmid            = {30218010},
  title           = {{Two Tau binding sites on tubulin revealed by thiol-disulfide exchanges}},
  volume          = {8},
  year            = {2018}
}
@article{Maurer2014,
  author          = {Maurer, Sebastian P. and Cade, Nicholas I. and Bohner, Gerg{\"{o}} Gerg?? and Gustafsson, Nils and Boutant, Emmanuel and Surrey, Thomas},
  doi             = {10.1016/j.cub.2013.12.042},
  isbn            = {1879-0445 (Electronic) 0960-9822 (Linking)},
  issn            = {09609822},
  journal         = {Current Biology},
  number          = {4},
  pages           = {372--384},
  pmid            = {24508171},
  title           = {{EB1 accelerates two conformational transitions important for microtubule maturation and dynamics}},
  volume          = {24},
  year            = {2014}
}
@article{Mazzocchi2008,
  author          = {Mazzocchi, Fulvio},
  doi             = {10.1038/sj.embor.7401147},
  issn            = {1469-221X},
  journal         = {EMBO reports},
  month           = {jan},
  number          = {1},
  pages           = {10--14},
  title           = {{Complexity in biology. Exceeding the limits of reductionism and determinism using complexity theory}},
  url             = {http://embor.embopress.org/cgi/doi/10.1038/sj.embor.7401147},
  volume          = {9},
  year            = {2008}
}
@article{McNally2014,
  annote    = {doi: 10.1091/mbc.e13-12-0764},
  author    = {McNally, Karen and Berg, Evan and Cortes, Daniel B and Hernandez, Veronica and Mains, Paul E and McNally, Francis J},
  doi       = {10.1091/mbc.e13-12-0764},
  issn      = {1059-1524},
  journal   = {Molecular Biology of the Cell},
  month     = {2},
  number    = {7},
  pages     = {1037--1049},
  publisher = {American Society for Cell Biology (mboc)},
  title     = {{Katanin maintains meiotic metaphase chromosome alignment and spindle structure in vivo and has multiple effects on microtubules in vitro}},
  url       = {https://doi.org/10.1091/mbc.e13-12-0764},
  volume    = {25},
  year      = {2014}
}
@article{McVicker2011,
  author          = {McVicker, Derrick P. and Chrin, Lynn R. and Berger, Christopher L.},
  doi             = {10.1074/jbc.M111.292987},
  isbn            = {1083-351X (Electronic)$\backslash$r0021-9258 (Linking)},
  issn            = {00219258},
  journal         = {Journal of Biological Chemistry},
  number          = {50},
  pages           = {42873--42880},
  pmid            = {22039058},
  title           = {{The nucleotide-binding state of microtubules modulates kinesin processivity and the ability of Tau to inhibit kinesin-mediated transport}},
  volume          = {286},
  year            = {2011}
}
@article{Mcvicker2014,
  author          = {Mcvicker, Derrick P. and Hoeprich, Gregory J. and Thompson, Andrew R. and Berger, Christopher L.},
  doi             = {10.1002/cm.21163},
  isbn            = {1949-3592 (Electronic)},
  issn            = {19493592},
  journal         = {Cytoskeleton},
  keywords        = {Cytoskeleton,Kinesin,Microtubule,Neuron,Nucleotide,Tau},
  number          = {3},
  pages           = {184--194},
  pmid            = {24520046},
  title           = {{Tau interconverts between diffusive and stable populations on the microtubule surface in an isoform and lattice specific manner}},
  volume          = {71},
  year            = {2014}
}
@article{Melo2016,
  author          = {Melo, Ana M. and Coraor, Juliana and Alpha-Cobb, Garrett and Elbaum-Garfinkle, Shana and Nath, Abhinav and Rhoades, Elizabeth},
  doi             = {10.1073/pnas.1610137113},
  issn            = {0027-8424},
  journal         = {Proceedings of the National Academy of Sciences},
  number          = {50},
  pages           = {14336--14341},
  pmid            = {27911791},
  title           = {{A functional role for intrinsic disorder in the tau-tubulin complex}},
  url             = {http://www.pnas.org/lookup/doi/10.1073/pnas.1610137113},
  volume          = {113},
  year            = {2016}
}
@article{Mershin2004,
  archiveprefix   = {arXiv},
  arxivid         = {physics/0402053},
  author          = {Mershin, A. and Kolomenski, A. A. and Schuessler, H. A. and Nanopoulos, D. V.},
  doi             = {10.1016/j.biosystems.2004.04.003},
  eprint          = {0402053},
  isbn            = {0303-2647 (Print)},
  issn            = {03032647},
  journal         = {BioSystems},
  keywords        = {Biobit,Bioqubit,Electric dipole moment,Entanglement,Quantum,Refractive index,Refractometry,Surface plasmon resonance,Tubulin},
  number          = {1-3},
  pages           = {73--85},
  pmid            = {15527947},
  primaryclass    = {physics},
  title           = {{Tubulin dipole moment, dielectric constant and quantum behavior: Computer simulations, experimental results and suggestions}},
  volume          = {77},
  year            = {2004}
}
@article{Metivier2018,
  author          = {Metivier, Mathieu and Monroy, Brigette and Gallaud, Emmanuel and Caous, Renaud and Pascal, Aude and Richard-Parpaillon, Laurent and Guichet, Antoine and Ori-McKenney, Kassandra and Giet, Regis},
  doi             = {10.1101/325035},
  journal         = {bioRxiv},
  pages           = {325035},
  title           = {{The Kinesin-1 binding domain of Ensconsin/MAP7 promotes Kinesin-1 activation in vivo}},
  url             = {https://www.biorxiv.org/content/early/2018/05/17/325035},
  year            = {2018}
}
@article{Miki2005,
  author          = {Miki, Harukata and Okada, Yasushi and Hirokawa, Nobutaka},
  doi             = {10.1016/j.tcb.2005.07.006},
  isbn            = {0962-8924 (Print)},
  issn            = {09628924},
  journal         = {Trends in Cell Biology},
  number          = {9},
  pages           = {467--476},
  pmid            = {16084724},
  title           = {{Analysis of the kinesin superfamily: Insights into structure and function}},
  volume          = {15},
  year            = {2005}
}
@book{Miller2010b,
  author          = {Miller, Leah M. and Xiao, Hui and Burd, Berta and Horwitz, Susan Band and Angeletti, Ruth Hogue and Verdier-Pinard, Pascal},
  booktitle       = {Methods in Cell Biology},
  doi             = {10.1016/S0091-679X(10)95007-3},
  edition         = {First edit},
  isbn            = {9780123748157},
  issn            = {0091679X},
  number          = {C},
  pages           = {105--126},
  pmid            = {20466132},
  publisher       = {Elsevier},
  title           = {{Methods in tubulin proteomics}},
  url             = {http://dx.doi.org/10.1016/S0091-679X(10)95007-3},
  volume          = {95},
  year            = {2010}
}
@article{Minds1994,
  author          = {Minds, J R Lucas},
  pages           = {1--17},
  title           = {{The Lucas-Penrose Argument about G{\"{o}}del ' s Theorem}},
  year            = {1994}
}
@article{Mitra2018,
  author   = {Mitra, Aniruddha and Ruhnow, Felix and Girardo, Salvatore and Diez, Stefan},
  doi      = {10.1073/pnas.1801820115},
  journal  = {Proceedings of the National Academy of Sciences},
  month    = {8},
  number   = {34},
  pages    = {E7950 LP  -- E7959},
  title    = {{Directionally biased sidestepping of Kip3/kinesin-8 is regulated by ATP waiting time and motor-microtubule interaction strength}},
  url      = {http://www.pnas.org/content/115/34/E7950.abstract},
  volume   = {115},
  year     = {2018}
}
@article{Monroy2018,
  author          = {Monroy, Brigette Y. and Sawyer, Danielle L. and Ackermann, Bryce E. and Borden, Melissa M. and Tan, Tracy C. and Ori-Mckenney, Kassandra M.},
  doi             = {10.1038/s41467-018-03909-2},
  issn            = {20411723},
  journal         = {Nature Communications},
  number          = {1},
  pages           = {1--12},
  pmid            = {29662074},
  publisher       = {Springer US},
  title           = {{Competition between microtubule-associated proteins directs motor transport}},
  url             = {http://dx.doi.org/10.1038/s41467-018-03909-2},
  volume          = {9},
  year            = {2018}
}
@article{zempel2015tau,
  title={Tau missorting and spastin-induced microtubule disruption in neurodegeneration: Alzheimer Disease and Hereditary Spastic Paraplegia},
  author={Zempel, Hans and Mandelkow, Eva-Maria},
  journal={Molecular neurodegeneration},
  volume={10},
  pages={1--12},
  year={2015},
  publisher={Springer}
}
@article{iqbal2016tau,
  title={Tau and neurodegenerative disease: the story so far},
  author={Iqbal, Khalid and Liu, Fei and Gong, Cheng-Xin},
  journal={Nature reviews neurology},
  volume={12},
  number={1},
  pages={15--27},
  year={2016},
  publisher={Nature Publishing Group UK London}
}
@article{More2015,
  author          = {More, Oversight and My, World View and Nazi, Gone Fission and Folta, Kevin and Soon, Willie and Institutes, U S National and Services, Human and National, U S and Foundation, Science and Hhs, The and Perhaps, H and Folta, Kevin and Soon, Willie and Hhs, The},
  pages           = {8--9},
  title           = {{This week}},
  year            = {2015}
}
@article{tan2019microtubules,
  title={Microtubules gate tau condensation to spatially regulate microtubule functions},
  author={Tan, Ruensern and Lam, Aileen J and Tan, Tracy and Han, Jisoo and Nowakowski, Dan W and Vershinin, Michael and Sim{\'o}, Sergi and Ori-McKenney, Kassandra M and McKenney, Richard J},
  journal={Nature cell biology},
  volume={21},
  number={9},
  pages={1078--1085},
  year={2019},
  publisher={Nature Publishing Group UK London}
}
@article{Morris2011b,
  author          = {Morris, Meaghan and Maeda, Sumihiro and Vossel, Keith and Mucke, Lennart},
  doi             = {10.1109/TNET.2008.923716},
  isbn            = {9780262256919},
  issn            = {1063-6692},
  journal         = {Neuron},
  number          = {3},
  pages           = {410--426},
  publisher       = {Elsevier Inc.},
  title           = {{Review The Many Faces of Tau}},
  url             = {http://dx.doi.org/10.1016/j.neuron.2011.04.009},
  volume          = {70},
  year            = {2011}
}
@article{Mozziconacci2008,
  author          = {Mozziconacci, Julian and Sandblad, Linda and Wachsmuth, Malte and Brunner, Damian and Karsenti, Eric},
  doi             = {10.1371/journal.pone.0003821},
  isbn            = {1932-6203 (Electronic)},
  issn            = {19326203},
  journal         = {PLoS ONE},
  number          = {11},
  pages           = {1--8},
  pmid            = {19043587},
  title           = {{Tubulin dimers oligomerize before their incorporation into microtubules}},
  volume          = {3},
  year            = {2008}
}
@article{Mpi-cbg2012,
  author          = {Mpi-cbg, Marcus Braun},
  keywords        = {lab,protocol},
  pages           = {3--4},
  title           = {{6xHis Protein Purification 26/10/2012}},
  year            = {2012}
}
@article{Mukhopadhyay2001,
  author          = {Mukhopadhyay, Rajendrani and Hoh, Jan H.},
  doi             = {10.1016/S0014-5793(01)02844-7},
  issn            = {00145793},
  journal         = {FEBS Letters},
  keywords        = {Entropic exclusion,Microtubule-associated protein 2,Tau,Unstructured},
  number          = {3},
  pages           = {374--378},
  title           = {{AFM force measurements on microtubule-associated proteins: The projection domain exerts a long-range repulsive force}},
  volume          = {505},
  year            = {2001}
}
@article{Nakajima2013,
  author          = {Nakajima, Jun and Sato, Tatsuro and Kano, Yuichi and Huang, Liangliang and Kitamura, Jyun Ichi and Li, Jianhua and Shimatani, Yukihiro},
  doi             = {10.1091/mbc.E14-06-1099},
  isbn            = {0936-9902},
  issn            = {09369902},
  journal         = {Ichthyological Exploration of Freshwaters},
  number          = {4},
  pages           = {327--343},
  title           = {{Fishes of the east Tiaoxi river in Zhejiang Province, China}},
  volume          = {23},
  year            = {2013}
}
@article{Neri2013,
  author          = {Neri, Izaak and Kern, Norbert and Parmeggiani, Andrea},
  doi             = {10.1103/PhysRevLett.110.098102},
  issn            = {00319007},
  journal         = {Physical Review Letters},
  number          = {9},
  pages           = {1--5},
  title           = {{Modeling cytoskeletal traffic: An Interplay between passive diffusion and active transport}},
  volume          = {110},
  year            = {2013}
}
@article{Nin2000,
  author          = {Nin, Charbel},
  keywords        = {abstract,and the chemical basis,aristotle,as expressed in the,between an organism-centered biology,biological research,causality,first,gap,grounds for bridging the,in this paper,levels,of biological explana-,organicism,prevailing molecular perspective in,reduction,tion,we investigate some theoretical},
  pages           = {234--275},
  title           = {{Organism-centered Biology : Property Emergence , Supervenience , and Downward Causation}},
  year            = {2000}
}
@incollection{NITZSCHE2010247,
  author    = {Nitzsche, Bert and Bormuth, Volker and Br{\"{a}}uer, Corina and Howard, Jonathon and Ionov, Leonid and Kerssemakers, Jacob and Korten, Till and Leduc, Cecile and Ruhnow, Felix and Diez, Stefan},
  booktitle = {Microtubules, in vitro},
  doi       = {https://doi.org/10.1016/S0091-679X(10)95014-0},
  editor    = {Wilson, Leslie and Correia, John J},
  issn      = {0091-679X},
  pages     = {247--271},
  publisher = {Academic Press},
  series    = {Methods in Cell Biology},
  title     = {{Chapter 14 - Studying Kinesin Motors by Optical 3D-Nanometry in Gliding Motility Assays}},
  url       = {https://www.sciencedirect.com/science/article/pii/S0091679X10950140},
  volume    = {95},
  year      = {2010}
}
@article{Papacharissi2004,
  author          = {Papacharissi, Zizi},
  doi             = {10.1177/1461444804041444},
  isbn            = {14614448},
  issn            = {14614448},
  journal         = {New Media and Society},
  keywords        = {Civility,Internet,Online,Politeness,Political},
  number          = {2},
  pages           = {259--283},
  pmid            = {12905028},
  title           = {{Democracy online: Civility, politeness, and the democratic potential of online political discussion groups}},
  volume          = {6},
  year            = {2004}
}
@article{Papo2016,
  author          = {Papo, David},
  doi             = {10.3389/fnhum.2016.00423},
  isbn            = {1662-5161},
  issn            = {1662-5161},
  journal         = {Frontiers in Human Neuroscience},
  keywords        = {5-ht2a receptor,consciousness,criticality,default mode network,entropy,metastability,serotonin,serotonin, default mode network, criticality, entr},
  number          = {February},
  pages           = {1--22},
  pmid            = {24550805},
  title           = {{Commentary: The entropic brain: a theory of conscious states informed by neuroimaging research with psychedelic drugs}},
  volume          = {10},
  year            = {2016}
}
@article{Parmeggiani2003,
  archiveprefix   = {arXiv},
  arxivid         = {cond-mat/0301475},
  author          = {Parmeggiani, A. and Franosch, T. and Frey, E.},
  doi             = {10.1103/PhysRevLett.90.086601},
  eprint          = {0301475},
  issn            = {10797114},
  journal         = {Physical Review Letters},
  number          = {8},
  pages           = {4},
  primaryclass    = {cond-mat},
  title           = {{Phase Coexistence in Driven One-Dimensional Transport}},
  volume          = {90},
  year            = {2003}
}
@book{Paul2013,
  author          = {Paul, Richard and Elder, Linda},
  isbn            = {0130647608},
  title           = {{Critical Thinking: Tools for Taking Charge of Your Porfessional and Personal Life, Second Edition}},
  year            = {2013}
}
@article{Pedigo2002,
  author          = {Pedigo, Susan and Williams, Robley C},
  doi             = {10.1016/S0006-3495(02)73946-5},
  issn            = {00063495},
  journal         = {Biophysical journal},
  number          = {4},
  pages           = {1809--1819},
  pmid            = {12324403},
  title           = {{Concentration dependence of variability in growth rates of microtubules.}},
  volume          = {83},
  year            = {2002}
}
@article{Peet2018,
  author          = {Peet, Daniel R. and Burroughs, Nigel J. and Cross, Robert A.},
  doi             = {10.1038/s41565-018-0084-4},
  issn            = {17483395},
  journal         = {Nature Nanotechnology},
  number          = {5},
  pages           = {386--391},
  publisher       = {Springer US},
  title           = {{Kinesin expands and stabilizes the GDP-microtubule lattice}},
  url             = {http://dx.doi.org/10.1038/s41565-018-0084-4},
  volume          = {13},
  year            = {2018}
}
@article{Perlovsky2007,
  author          = {Perlovsky, Leonid I.},
  doi             = {10.1007/978-3-540-73267-9_5},
  isbn            = {3540732667},
  issn            = {18600832},
  journal         = {Understanding Complex Systems},
  pages           = {73--108},
  title           = {{Neural dynamic logic of consciousness: The knowledge instinct}},
  volume          = {2007},
  year            = {2007}
}
@article{Peterman2009a,
  author          = {Peterman, Erwin J G and Scholey, Jonathan M.},
  doi             = {10.1016/j.cub.2009.10.047},
  isbn            = {1879-0445 (Electronic)$\backslash$n1879-0445 (Linking)},
  issn            = {09609822},
  journal         = {Current Biology},
  number          = {23},
  pages           = {R1089--R1094},
  pmid            = {20064413},
  publisher       = {Elsevier Ltd},
  title           = {{Mitotic Microtubule Crosslinkers: Insights from Mechanistic Studies}},
  url             = {http://dx.doi.org/10.1016/j.cub.2009.10.047},
  volume          = {19},
  year            = {2009}
}
@article{Peters2010,
  author          = {Peters, Carsten and Brejc, Katjuŝa and Belmont, Lisa and Bodey, Andrew J. and Lee, Yan and Yu, Ming and Guo, Jun and Sakowicz, Roman and Hartman, James and Moores, Carolyn A.},
  doi             = {10.1038/emboj.2010.220},
  issn            = {02614189},
  journal         = {EMBO Journal},
  keywords        = {cryo-electron microscopy,crystallography,cytoskeleton regulation,kinesin,microtubule},
  number          = {20},
  pages           = {3437--3447},
  title           = {{Insight into the molecular mechanism of the multitasking kinesin-8 motor}},
  volume          = {29},
  year            = {2010}
}
@article{Portran2013,
  author          = {Portran, D and Zoccoler, M and Gaillard, J and Stoppin-Mellet, V and Neumann, E and Arnal, I and Martiel, J L and Vantard, M},
  doi             = {10.1091/mbc.E13-03-0141},
  issn            = {1939-4586},
  journal         = {Molecular biology of the cell},
  keywords        = {Algorithms,Animals,Arabidopsis,Arabidopsis Proteins,Arabidopsis Proteins: chemistry,Arabidopsis Proteins: genetics,Arabidopsis Proteins: metabolism,Arabidopsis: genetics,Arabidopsis: metabolism,Biological,Brain,Brain: metabolism,Cattle,Chemical,Fluorescence,Green Fluorescent Proteins,Green Fluorescent Proteins: genetics,Green Fluorescent Proteins: metabolism,Kinetics,Microscopy,Microtubule-Associated Proteins,Microtubule-Associated Proteins: chemistry,Microtubule-Associated Proteins: genetics,Microtubule-Associated Proteins: metabolism,Microtubules,Microtubules: chemistry,Microtubules: metabolism,Models,Molecular,Pliability,Recombinant Fusion Proteins,Recombinant Fusion Proteins: chemistry,Recombinant Fusion Proteins: genetics,Recombinant Fusion Proteins: metabolism,Time-Lapse Imaging,Tubulin,Tubulin: chemistry,Tubulin: metabolism},
  number          = {12},
  pages           = {1964--73},
  pmid            = {23615441},
  title           = {{MAP65/Ase1 promote microtubule flexibility.}},
  url             = {http://www.pubmedcentral.nih.gov/articlerender.fcgi?artid=3681700{\&}tool=pmcentrez{\&}rendertype=abstract},
  volume          = {24},
  year            = {2013}
}
@article{Proceedings1980,
  author          = {Proceedings, Conference},
  doi             = {10.1016/0030-3992(80)90123-1},
  issn            = {00303992},
  journal         = {Optics {\&} Laser Technology},
  number          = {4},
  pages           = {215--219},
  title           = {{Electro-optics laser international '80}},
  volume          = {12},
  year            = {1980}
}
@article{Prosser2017,
  author          = {Prosser, Suzanna L. and Pelletier, Laurence},
  doi             = {10.1038/nrm.2016.162},
  issn            = {14710080},
  journal         = {Nature Reviews Molecular Cell Biology},
  number          = {3},
  pages           = {187--201},
  publisher       = {Nature Publishing Group},
  title           = {{Mitotic spindle assembly in animal cells: A fine balancing act}},
  url             = {http://dx.doi.org/10.1038/nrm.2016.162},
  volume          = {18},
  year            = {2017}
}
@article{Qiang2018,
  author          = {Qiang, Liang and Sun, Xiaohuan and Austin, Timothy O. and Muralidharan, Hemalatha and Jean, Daphney C. and Liu, Mei and Yu, Wenqian and Baas, Peter W.},
  doi             = {10.1016/j.cub.2018.05.045},
  issn            = {09609822},
  journal         = {Current Biology},
  keywords        = {MAP6,axon,microtubule,microtubule stability,neuron,tau},
  number          = {13},
  pages           = {2181--2189.e4},
  pmid            = {30008334},
  publisher       = {Elsevier Ltd.},
  title           = {{Tau Does Not Stabilize Axonal Microtubules but Rather Enables Them to Have Long Labile Domains}},
  url             = {https://doi.org/10.1016/j.cub.2018.05.045},
  volume          = {28},
  year            = {2018}
}
@article{Quarmby2000,
  author          = {Quarmby, Lynne},
  doi             = {10.1091/MBC.7.10.1547},
  isbn            = {0021-9533 (Print)$\backslash$n0021-9533 (Linking)},
  issn            = {0021-9533},
  journal         = {Journal of cell science},
  keywords        = {Adenosine Triphosphatases,Adenosine Triphosphatases: metabolism,Animals,Epithelial Cells,Epithelial Cells: cytology,Epithelial Cells: metabolism,Microtubules,Microtubules: metabolism,Mitosis,Mitosis: physiology,Neurons,Neurons: cytology,Neurons: metabolism},
  pages           = {2821--7},
  pmid            = {10910766},
  title           = {{Cellular Samurai: katanin and the severing of microtubules.}},
  url             = {http://www.ncbi.nlm.nih.gov/pubmed/10910766},
  volume          = {113 ( Pt 1},
  year            = {2000}
}
@article{Rao1984,
  author          = {Rao, D.B. and Kung, Sun-Yuan Kung Sun-Yuan},
  doi             = {10.1109/TASSP.1984.1164398},
  isbn            = {0096-3518},
  issn            = {0096-3518},
  journal         = {IEEE Transactions on Acoustics, Speech, and Signal Processing},
  number          = {4},
  title           = {{Adaptive notch filtering for the retrieval of sinusoids in noise}},
  volume          = {32},
  year            = {1984}
}
@article{Reed2007,
  author          = {Reed, Chris and Walton, Douglas and Macagno, Fabrizio},
  doi             = {10.1017/S0269888907001051},
  issn            = {02698889},
  journal         = {Knowledge Engineering Review},
  number          = {1},
  pages           = {87--109},
  title           = {{Argument diagramming in logic, law and artificial intelligence}},
  volume          = {22},
  year            = {2007}
}
@article{Reuther2015,
  author          = {Reuther, Cordula},
  keywords        = {diez,lab},
  pages           = {3--4},
  title           = {{Microtubule growth rate comparison from Cordula}},
  year            = {2015}
}
@article{Robson2015,
  author          = {Robson, David},
  number          = {September 2015},
  pages           = {1--10},
  title           = {{Blindsight: the strangest form of consciousness}},
  url             = {http://www.bbc.com/future/story/20150925-blindsight-the-strangest-form-of-consciousness},
  year            = {2015}
}
@article{Siahaan2019a,
   author = {Valerie Siahaan and Jochen Krattenmacher and Anthony A. Hyman and Stefan Diez and Amayra Hernández-Vega and Zdenek Lansky and Marcus Braun},
   doi = {10.1038/s41556-019-0374-6},
   issn = {1465-7392},
   issue = {9},
   journal = {Nature Cell Biology},
   pages = {1086-1092},
   title = {Kinetically distinct phases of tau on microtubules regulate kinesin motors and severing enzymes},
   volume = {21},
   year = {2019},
}
@article{Rodriguez2015,
  author          = {Rodriguez, Christian A. and Steyvers, Mark and McClure, Samuel M. and Norcia, Tony M. and Turner, Brandon M.},
  doi             = {10.1016/j.neuroimage.2015.12.030},
  issn            = {10538119},
  journal         = {NeuroImage},
  keywords        = {Bayesian modeling,EEG,Joint modeling framework,Linear Ballistic Accumulator model,fMRI,joint modeling framework},
  pages           = {96--115},
  publisher       = {Elsevier Inc.},
  title           = {{Why more is better: Simultaneous modeling of EEG, fMRI, and behavioral data}},
  url             = {http://dx.doi.org/10.1016/j.neuroimage.2015.12.030},
  volume          = {128},
  year            = {2015}
}
@article{Rogers2002,
  author          = {Rogers, Stephen L. and Rogers, Gregory C. and Sharp, David J. and Vale, Ronald D.},
  doi             = {10.1083/jcb.200202032},
  isbn            = {0021-9525 (Print)$\backslash$n0021-9525 (Linking)},
  issn            = {00219525},
  journal         = {Journal of Cell Biology},
  keywords        = {Dynamics,EB1,Microtubule,Mitosis,Spindle},
  number          = {5},
  pages           = {873--884},
  pmid            = {12213835},
  title           = {{Drosophila EB1 is important for proper assembly, dynamics, and positioning of the mitotic spindle}},
  volume          = {158},
  year            = {2002}
}
@article{ROLLMECAK201096,
  annote   = {Cell structure and dynamics},
  author   = {Roll-Mecak, Antonina and McNally, Francis J},
  doi      = {https://doi.org/10.1016/j.ceb.2009.11.001},
  issn     = {0955-0674},
  journal  = {Current Opinion in Cell Biology},
  number   = {1},
  pages    = {96--103},
  title    = {{Microtubule-severing enzymes}},
  url      = {https://www.sciencedirect.com/science/article/pii/S095506740900194X},
  volume   = {22},
  year     = {2010}
}
@article{Romanovsky2016,
  author          = {Romanovsky, Yurii M. and Trifonenkov, V.P.},
  doi             = {10.3367/ufnr.0186.201602b.0125},
  issn            = {0042-1294},
  journal         = {Uspekhi Fizicheskih Nauk},
  number          = {2},
  pages           = {125--145},
  title           = {{Energetics and stochastic dynamics of intraneuron transport}},
  volume          = {186},
  year            = {2016}
}
@article{RUBIN2018,
  author          = {RUBIN, LARRY},
  doi             = {10.2307/j.ctt2111h3n.211},
  journal         = {The Made Thing},
  pages           = {266--266},
  title           = {{The Manual}},
  year            = {2018}
}
@phdthesis{Ruhnow2010,
  author          = {Ruhnow, Felix},
  title           = {{Tracking of motor proteins on the surface of microtubules with nanometer precision}},
  year            = {2010}
}
@article{sing2014multiple,
  title={Multiple-binding-site mechanism explains concentration-dependent unbinding rates of DNA-binding proteins},
  author={Sing, Charles E and Olvera de la Cruz, Monica and Marko, John F},
  journal={Nucleic acids research},
  volume={42},
  number={6},
  pages={3783--3791},
  year={2014},
  publisher={Oxford University Press}
}
@article{RUHNOW20112820,
  author   = {Ruhnow, Felix and Zwicker, David and Diez, Stefan},
  doi      = {https://doi.org/10.1016/j.bpj.2011.04.023},
  issn     = {0006-3495},
  journal  = {Biophysical Journal},
  number   = {11},
  pages    = {2820--2828},
  title    = {{Tracking Single Particles and Elongated Filaments with Nanometer Precision}},
  url      = {https://www.sciencedirect.com/science/article/pii/S000634951100467X},
  volume   = {100},
  year     = {2011}
}
@article{Samsonov2004,
  author          = {Samsonov, A.},
  doi             = {10.1242/jcs.01531},
  isbn            = {0895-2833},
  issn            = {0021-9533},
  journal         = {Journal of Cell Science},
  keywords        = {axon,microtubule,photobleaching,tau,tubulin},
  number          = {25},
  pages           = {6129--6141},
  pmid            = {15564376},
  title           = {{Tau interaction with microtubules in vivo}},
  url             = {http://jcs.biologists.org/cgi/doi/10.1242/jcs.01531},
  volume          = {117},
  year            = {2004}
}
@article{Sandblad2006,
  author          = {Sandblad, Linda and Busch, Karl Emanuel and Tittmann, Peter and Gross, Heinz and Brunner, Damian and Hoenger, Andreas},
  doi             = {10.1016/j.cell.2006.11.025},
  isbn            = {0092-8674 (Print)$\backslash$n0092-8674 (Linking)},
  issn            = {00928674},
  journal         = {Cell},
  number          = {7},
  pages           = {1415--1424},
  pmid            = {17190604},
  title           = {{The Schizosaccharomyces pombe EB1 Homolog Mal3p Binds and Stabilizes the Microtubule Lattice Seam}},
  volume          = {127},
  year            = {2006}
}
@article{Gaillard2008,
   author = {Jérémie Gaillard and Emmanuelle Neumann and Daniel Van Damme and Virginie Stoppin-Mellet and Christine Ebel and Elodie Barbier and Danny Geelen and Marylin Vantard},
   doi = {10.1091/mbc.e08-04-0341},
   issue = {10},
   journal = {Molecular Biology of the Cell},
   note = {PMID: 18667529},
   pages = {4534-4544},
   title = {Two Microtubule-associated Proteins of Arabidopsis MAP65s Promote Antiparallel Microtubule Bundling},
   volume = {19},
   url = {https://doi.org/10.1091/mbc.e08-04-0341},
   year = {2008},
}
@article{Santos2015,
  author          = {Santos, Gil C.},
  doi             = {10.1007/s10699-015-9419-x},
  isbn            = {1233-1821},
  issn            = {15728471},
  journal         = {Foundations of Science},
  keywords        = {Atomism,Emergence,Holism,Micro-reductionism,Qualitative change,Relational ontology},
  number          = {4},
  pages           = {429--446},
  title           = {{Ontological Emergence: How is That Possible? Towards a New Relational Ontology}},
  volume          = {20},
  year            = {2015}
}
@article{Schaedel2018,
  author          = {Schaedel, Laura and Chr{\'{e}}tien, Denis and Aumeier, Charlotte and Gaillard, J{\'{e}}r{\'{e}}mie and Blanchoin, Laurent 5 and Th{\'{e}}ry, Manuel and John, Karin},
  doi             = {10.1101/249144},
  journal         = {bioRxiv},
  pages           = {1--21},
  title           = {{Lattice defects induce microtubule self-renewal}},
  url             = {http://dx.doi.org/10.1101/249144},
  year            = {2018}
}
@article{SCHIFF1979,
  author   = {SCHIFF, PETER B and FANT, JANE and HORWITZ, SUSAN B},
  doi      = {10.1038/277665a0},
  issn     = {1476-4687},
  journal  = {Nature},
  number   = {5698},
  pages    = {665--667},
  title    = {{Promotion of microtubule assembly in vitro by taxol}},
  url      = {https://doi.org/10.1038/277665a0},
  volume   = {277},
  year     = {1979}
}
@article{Schilstra1991,
  author          = {Schilstra, M J and Bayley, P M and Martin, S R},
  issn            = {0264-6021},
  journal         = {The Biochemical journal},
  pages           = {839--847},
  pmid            = {1678598},
  title           = {{The effect of solution composition on microtubule dynamic instability.}},
  volume          = {277 ( Pt 3},
  year            = {1991}
}
@article{Schindelin2012,
  author   = {Schindelin, Johannes and Arganda-Carreras, Ignacio and Frise, Erwin and Kaynig, Verena and Longair, Mark and Pietzsch, Tobias and Preibisch, Stephan and Rueden, Curtis and Saalfeld, Stephan and Schmid, Benjamin and Tinevez, Jean-Yves and White, Daniel James and Hartenstein, Volker and Eliceiri, Kevin and Tomancak, Pavel and Cardona, Albert},
  doi      = {10.1038/nmeth.2019},
  issn     = {1548-7105},
  journal  = {Nature Methods},
  number   = {7},
  pages    = {676--682},
  title    = {{Fiji: an open-source platform for biological-image analysis}},
  url      = {https://doi.org/10.1038/nmeth.2019},
  volume   = {9},
  year     = {2012}
}
@article{Schmidhuber1999,
  archiveprefix   = {arXiv},
  arxivid         = {quant-ph/9904050},
  author          = {Schmidhuber, Juergen},
  doi             = {10.1.1.51.6328},
  eprint          = {9904050},
  isbn            = {3-540-63746-X},
  issn            = {ISSN 0302-9743},
  month           = {apr},
  pages           = {201--208},
  primaryclass    = {quant-ph},
  title           = {{A Computer Scientist's View of Life, the Universe, and Everything}},
  url             = {http://arxiv.org/abs/quant-ph/9904050},
  year            = {1999}
}
@article{Schneider2010,
  archiveprefix   = {arXiv},
  arxivid         = {1002.2080},
  author          = {Schneider, Wolfgang},
  doi             = {10.1007/978-3-642-03129-8},
  eprint          = {1002.2080},
  isbn            = {978-3-642-03128-1},
  issn            = {1871-5125},
  journal         = {Towards a Theory of Thinking},
  pages           = {203--214},
  pmid            = {3802550},
  title           = {{Towards a Theory of Thinking}},
  url             = {http://link.springer.com/10.1007/978-3-642-03129-8},
  year            = {2010}
}
@article{SCHNEIDER20152249,
  author   = {Schneider, Ren{\'{e}} and Korten, Till and Walter, Wilhelm J and Diez, Stefan},
  doi      = {https://doi.org/10.1016/j.bpj.2015.03.048},
  issn     = {0006-3495},
  journal  = {Biophysical Journal},
  number   = {9},
  pages    = {2249--2257},
  title    = {{Kinesin-1 Motors Can Circumvent Permanent Roadblocks by Side-Shifting to Neighboring Protofilaments}},
  url      = {https://www.sciencedirect.com/science/article/pii/S0006349515003100},
  volume   = {108},
  year     = {2015}
}
@article{Scholz2014,
  archiveprefix   = {arXiv},
  arxivid         = {NIHMS150003},
  author          = {Scholz, Tim and Mandelkow, Eckhard},
  doi             = {10.1007/s00018-014-1610-7},
  eprint          = {NIHMS150003},
  isbn            = {1420-9071 (Electronic)$\backslash$r1420-682X (Linking)},
  issn            = {14209071},
  journal         = {Cellular and Molecular Life Sciences},
  keywords        = {Alzheimer disease,Axonal transport,Diffusion,Dynein,Kinesin,Microtubules,Motor protein,Tau protein},
  number          = {16},
  pages           = {3139--3150},
  pmid            = {24687422},
  title           = {{Transport and diffusion of Tau protein in neurons}},
  volume          = {71},
  year            = {2014}
}
@article{Schuyler2003,
  author          = {Schuyler, Scott C. and Liu, Jenny Y. and Pellman, David},
  doi             = {10.1083/jcb.200210021},
  isbn            = {6176325757},
  issn            = {00219525},
  journal         = {Journal of Cell Biology},
  keywords        = {Anaphase,Budding yeast,Microtubule-associated protein,Mitosis,Spindle midzone},
  number          = {4},
  pages           = {517--528},
  pmid            = {12591913},
  title           = {{The molecular function of Ase1p: Evidence for a MAP-dependent midzone-specific spindle matrix}},
  volume          = {160},
  year            = {2003}
}
@article{Sections2016,
  author          = {Sections, All and Brands, Our and Times, Epoch and Times, Linkedin Epoch and Times, Epoch and Times, Twitter Epoch and Subscribe, Facebook and Edition, Print and April, Newsletters and Us, Home and Business, Opinion and Tech, Science and Arts, Health and Sports, Entertainment and Videos, Inspired and Search, Epochtaste and Science, Beyond and Macisaac, By Tara and Times, Epoch and Updated, Last},
  pages           = {1--5},
  title           = {{Does Consciousness Create Order , Reverse Chaos in the Universe ?}},
  year            = {2016}
}
@article{Settle2010,
  author          = {Settle, Jaime E. and Dawes, Christopher T. and Christakis, Nicholas A. and Fowler, James H.},
  doi             = {10.1017/S0022381610000617},
  issn            = {00223816},
  journal         = {Journal of Politics},
  number          = {4},
  pages           = {1189--1198},
  title           = {{Friendships moderate an association between a dopamine gene variant and political ideology}},
  volume          = {72},
  year            = {2010}
}
@article{Shao2011,
  author          = {Shao, Lin and Kner, Peter and Rego, E Hesper and Gustafsson, Mats G L},
  doi             = {10.1038/nmeth.1734},
  isbn            = {1548-7105 (Electronic)$\backslash$n1548-7091 (Linking)},
  issn            = {1548-7091},
  journal         = {Nature Methods},
  number          = {12},
  pages           = {1044--1046},
  pmid            = {22002026},
  title           = {{Super-resolution 3D microscopy of live whole cells using structured illumination.}},
  url             = {http://www.nature.com/doifinder/10.1038/nmeth.1734{\%}5Cnhttp://www.ncbi.nlm.nih.gov/pubmed/22002026},
  volume          = {8},
  year            = {2011}
}
@article{She2019,
  author          = {She, Zhen Yu and Wei, Ya Lan and Lin, Yang and Li, Yue Ling and Lu, Ming Hui},
  doi             = {10.1111/brv.12547},
  issn            = {1469185X},
  journal         = {Biological Reviews},
  keywords        = {Ase1,PRC1,anaphase,central spindle,cytokinesis,microtubule,midzone},
  number          = {6},
  pages           = {2033--2048},
  title           = {{Mechanisms of the Ase1/PRC1/MAP65 family in central spindle assembly}},
  volume          = {94},
  year            = {2019}
}
@article{Shea2001,
  author          = {Shea, Thomas B. and Flanagan, Lisa A.},
  doi             = {10.1016/S0166-2236(00)01919-6},
  issn            = {01662236},
  journal         = {Trends in Neurosciences},
  number          = {11},
  pages           = {644--648},
  title           = {{Kinesin, dynein and neurofilament transport}},
  volume          = {24},
  year            = {2001}
}
@article{Shelanski1973,
  author          = {Shelanski, M L and Gaskin, F and Cantor, C R},
  doi             = {10.1073/pnas.70.3.765},
  isbn            = {0027-8424 (Print)},
  issn            = {0027-8424},
  journal         = {Proceedings of the National Academy of Sciences of the United States of America},
  keywords        = {Cytoskeleton},
  number          = {3},
  pages           = {765--768},
  pmid            = {4514990},
  title           = {{Microtubule assembly in the absence of added nucleotides.}},
  volume          = {70},
  year            = {1973}
}
@article{Sikosek2014,
  author          = {Sikosek, Tobias and Chan, Hue Sun},
  doi             = {10.1098/rsif.2014.0419},
  isbn            = {1742-5662 (Electronic)$\backslash$n1742-5662 (Linking)},
  issn            = {17425662},
  journal         = {Journal of the Royal Society Interface},
  keywords        = {Adaptation,Conformational dynamics,Hidden states,Promiscuous functions,Protein folding,Protein-protein interactions},
  number          = {100},
  pmid            = {25165599},
  title           = {{Biophysics of protein evolution and evolutionary protein biophysics}},
  volume          = {11},
  year            = {2014}
}
@article{Sing2014,
  author   = {Sing, Charles E and {Olvera de la Cruz}, Monica and Marko, John F},
  doi      = {10.1093/nar/gkt1327},
  issn     = {0305-1048},
  journal  = {Nucleic Acids Research},
  month    = {apr},
  number   = {6},
  pages    = {3783--3791},
  title    = {{Multiple-binding-site mechanism explains concentration-dependent unbinding rates of DNA-binding proteins}},
  url      = {https://doi.org/10.1093/nar/gkt1327},
  volume   = {42},
  year     = {2014}
}
@article{alfieri2021two,
  title={Two modes of PRC1-mediated mechanical resistance to kinesin-driven microtubule network disruption},
  author={Alfieri, Angus and Gaska, Ignas and Forth, Scott},
  journal={Current Biology},
  volume={31},
  number={12},
  pages={2495--2506},
  year={2021},
  publisher={Elsevier}
}
@article{walker1988dynamic,
  title={Dynamic instability of individual microtubules analyzed by video light microscopy: rate constants and transition frequencies.},
  author={Walker, RA and O'brien, ET and Pryer, NK and Soboeiro, MF and Voter, WA and Erickson, HP},
  journal={The Journal of cell biology},
  volume={107},
  number={4},
  pages={1437--1448},
  year={1988}
}
@article{morikawa2015x,
  title={X-ray and Cryo-EM structures reveal mutual conformational changes of Kinesin and GTP-state microtubules upon binding},
  author={Morikawa, Manatsu and Yajima, Hiroaki and Nitta, Ryo and Inoue, Shigeyuki and Ogura, Toshihiko and Sato, Chikara and Hirokawa, Nobutaka},
  journal={The EMBO journal},
  volume={34},
  number={9},
  pages={1270--1286},
  year={2015}
}
@article{volkov2018multivalency,
  title={Multivalency of NDC80 in the outer kinetochore is essential to track shortening microtubules and generate forces},
  author={Volkov, Vladimir A and Huis in't Veld, Pim J and Dogterom, Marileen and Musacchio, Andrea},
  journal={Elife},
  volume={7},
  pages={e36764},
  year={2018},
  publisher={eLife Sciences Publications, Ltd}
}
@article{Smith2013,
  author          = {Smith, Amos B. and Sugasawa, Keizo and Dmochowski, Ivan J. and Emerson, Daniel J. and Eckenhoff, Roderic G. and Wang, Xiaozhao and Weiser, Brian P. and Taratula, Olena and Psonis, John and Liao, Zhengzheng and Fiamengo, Ashley},
  doi             = {10.1021/ja311171u},
  issn            = {0002-7863},
  journal         = {Journal of the American Chemical Society},
  number          = {14},
  pages           = {5389--5398},
  title           = {{Direct Modulation of Microtubule Stability Contributes to Anthracene General Anesthesia}},
  volume          = {135},
  year            = {2013}
}
@article{Sole2013,
  author          = {Sole, Ricard and Sole, Ricard and Goodwin, Brian},
  doi             = {10.5860/choice.38-5568},
  isbn            = {0465019277},
  issn            = {0009-4978},
  journal         = {Choice Reviews Online},
  number          = {10},
  pages           = {38--5568--38--5568},
  title           = {{Signs of life: how complexity pervades biology}},
  volume          = {38},
  year            = {2013}
}
@book{Stanhope2015,
  author          = {Stanhope, Kasimira T. and Ross, Jennifer L.},
  booktitle       = {Methods in Cell Biology},
  doi             = {10.1016/bs.mcb.2015.02.003},
  issn            = {0091679X},
  keywords        = {Active matter,Kinesin-1,Microtubule-associate proteins,Motor proteins,Nonequilibrium,Pattern formation,Quantitative biology,Synthetic biophysics},
  pages           = {23--38},
  publisher       = {Elsevier Ltd},
  title           = {{Microtubules, MAPs, and motor patterns}},
  url             = {http://dx.doi.org/10.1016/bs.mcb.2015.02.003},
  volume          = {128},
  year            = {2015}
}
@article{Stern2017,
  author          = {Stern, Jamie L. and Lessard, Dominique V. and Hoeprich, Gregory J. and Morfini, Gerardo A. and Berger, Christopher L.},
  doi             = {10.1091/mbc.E16-10-0728},
  issn            = {1059-1524},
  journal         = {Molecular Biology of the Cell},
  number          = {8},
  pages           = {1079--1087},
  pmid            = {28251926},
  title           = {{Phosphoregulation of Tau modulates inhibition of kinesin-1 motility}},
  url             = {http://www.molbiolcell.org/lookup/doi/10.1091/mbc.E16-10-0728},
  volume          = {28},
  year            = {2017}
}
@book{Stern2017a,
  author          = {Stern, Jamie L. and Lessard, Dominique V. and Ali, Rehan and Berger, Christopher L.},
  booktitle       = {Methods in Cell Biology},
  doi             = {10.1016/bs.mcb.2017.06.016},
  edition         = {1},
  isbn            = {9780128124987},
  issn            = {0091679X},
  keywords        = {Kinesin,Microscopy,Microtubules,Single-molecule,Tau,Total internal reflection fluorescence (TIRF)},
  pages           = {135--154},
  pmid            = {28882299},
  publisher       = {Elsevier Inc.},
  title           = {{Single-molecule imaging of Tau dynamics on the microtubule surface}},
  url             = {http://dx.doi.org/10.1016/bs.mcb.2017.06.016},
  volume          = {141},
  year            = {2017}
}
@article{Stoppin-Mellet2013,
  author          = {Stoppin-Mellet, Virginie and Fache, Vincent and Portran, Didier and Martiel, Jean Louis and Vantard, Marylin},
  doi             = {10.1371/journal.pone.0056808},
  isbn            = {1932-6203 (Electronic)$\backslash$r1932-6203 (Linking)},
  issn            = {19326203},
  journal         = {PLoS ONE},
  number          = {2},
  pmid            = {23437247},
  title           = {{MAP65 Coordinate Microtubule Growth during Bundle Formation}},
  volume          = {8},
  year            = {2013}
}
@article{Straube2011,
  author          = {Straube, Anne},
  doi             = {10.1007/978-1-61779-252-6},
  isbn            = {978-1-61779-251-9},
  keywords        = {microtubules,phosphocellulose,porcine brain,purification,tubulin},
  number          = {1},
  pages           = {15--28},
  title           = {{How to Measure Microtubule Dynamics?}},
  url             = {http://link.springer.com/10.1007/978-1-61779-252-6},
  volume          = {777},
  year            = {2011}
}
@article{SU2011751,
  author   = {Su, Xiaolei and Qiu, Weihong and Gupta, Mohan L and Pereira-Leal, Jos{\'{e}} B and Reck-Peterson, Samara L and Pellman, David},
  doi      = {https://doi.org/10.1016/j.molcel.2011.06.027},
  issn     = {1097-2765},
  journal  = {Molecular Cell},
  number   = {5},
  pages    = {751--763},
  title    = {{Mechanisms Underlying the Dual-Mode Regulation of Microtubule Dynamics by Kip3/Kinesin-8}},
  url      = {https://www.sciencedirect.com/science/article/pii/S1097276511005375},
  volume   = {43},
  year     = {2011}
}
@article{umbreit2012ndc80,
  title={The Ndc80 kinetochore complex directly modulates microtubule dynamics},
  author={Umbreit, Neil T and Gestaut, Daniel R and Tien, Jerry F and Vollmar, Breanna S and Gonen, Tamir and Asbury, Charles L and Davis, Trisha N},
  journal={Proceedings of the National Academy of Sciences},
  volume={109},
  number={40},
  pages={16113--16118},
  year={2012},
  publisher={National Acad Sciences}
}
@article{erlendsson2021binding,
  title={Binding revisited—avidity in cellular function and signaling},
  author={Erlendsson, Simon and Teilum, Kaare},
  journal={Frontiers in molecular biosciences},
  volume={7},
  pages={615565},
  year={2021},
  publisher={Frontiers Media SA}
}
@article{schmoller2011slow,
  title={Slow down of actin depolymerization by cross-linking molecules},
  author={Schmoller, Kurt M and Semmrich, Christine and Bausch, Andreas R},
  journal={Journal of structural biology},
  volume={173},
  number={2},
  pages={350--357},
  year={2011},
  publisher={Elsevier}
}
@article{maul2003eplin,
  title={EPLIN regulates actin dynamics by cross-linking and stabilizing filaments},
  author={Maul, Raymond S and Song, Yuhong and Amann, Kurt J and Gerbin, Sachi C and Pollard, Thomas D and Chang, David D},
  journal={The Journal of cell biology},
  volume={160},
  number={3},
  pages={399},
  year={2003},
  publisher={The Rockefeller University Press}
}
@article{fu2009phospho,
  title={Phospho-regulated interaction between kinesin-6 Klp9p and microtubule bundler Ase1p promotes spindle elongation},
  author={Fu, Chuanhai and Ward, Jonathan J and Loiodice, Isabelle and Velve-Casquillas, Guilhem and Nedelec, Francois J and Tran, Phong T},
  journal={Developmental cell},
  volume={17},
  number={2},
  pages={257--267},
  year={2009},
  publisher={Elsevier}
}
@article{braun2020cytoskeletal,
  title={Cytoskeletal organization through multivalent interactions},
  author={Braun, Marcus and Diez, Stefan and Lansky, Zdenek},
  journal={Journal of cell science},
  volume={133},
  number={12},
  pages={jcs234393},
  year={2020},
  publisher={The Company of Biologists Ltd}
}
@article{grishchuk2017biophysics,
  title={Biophysics of microtubule end coupling at the kinetochore},
  author={Grishchuk, Ekaterina L},
  journal={Centromeres and Kinetochores: Discovering the Molecular Mechanisms Underlying Chromosome Inheritance},
  pages={397--428},
  year={2017},
  publisher={Springer}
}
@article{Subramanian2010,
  author          = {Subramanian, Radhika and Wilson-Kubalek, Elizabeth M. and Arthur, Christopher P. and Bick, Matthew J. and Campbell, Elizabeth a. and Darst, Seth A. and Milligan, Ronald a. and Kapoor, Tarun M.},
  doi             = {10.1016/j.cell.2010.07.012},
  isbn            = {1097-4172 (Electronic) 0092-8674 (Linking)},
  issn            = {00928674},
  journal         = {Cell},
  keywords        = {CELLBIO,CELLCYCLE},
  number          = {3},
  pages           = {433--443},
  pmid            = {20691902},
  publisher       = {Elsevier Ltd},
  title           = {{Insights into antiparallel microtubule crosslinking by PRC1, a conserved nonmotor microtubule binding protein}},
  url             = {http://dx.doi.org/10.1016/j.cell.2010.07.012},
  volume          = {142},
  year            = {2010}
}
@article{Subramanian2010a,
  author          = {Subramanian, Radhika and Wilson-Kubalek, Elizabeth M. and Arthur, Christopher P. and Bick, Matthew J. and Campbell, Elizabeth A. and Darst, Seth A. and Milligan, Ronald A. and Kapoor, Tarun M.},
  doi             = {10.1016/j.cell.2010.07.012},
  issn            = {00928674},
  journal         = {Cell},
  keywords        = {CELLBIO,CELLCYCLE},
  number          = {3},
  pages           = {433--443},
  pmid            = {20691902},
  publisher       = {Elsevier Ltd},
  title           = {{Insights into antiparallel microtubule crosslinking by PRC1, a conserved nonmotor microtubule binding protein}},
  url             = {http://dx.doi.org/10.1016/j.cell.2010.07.012},
  volume          = {142},
  year            = {2010}
}
@article{Sundermann2016,
  author          = {S{\"{u}}ndermann, Frederik and Fernandez, Maria Pilar and Morgan, Reginald O.},
  doi             = {10.1186/s12864-016-2590-9},
  issn            = {14712164},
  journal         = {BMC Genomics},
  keywords        = {Domain architecture,Gene phylogeny,MAPT gene),Microtubule associated protein Tau (MAPT protein,Microtubule binding domain,Molecular evolution,Profile hidden Markov models,Saitohin (STH),Structure-function prediction},
  number          = {1},
  pages           = {1--16},
  publisher       = {BMC Genomics},
  title           = {{An evolutionary roadmap to the microtubule-associated protein MAP Tau}},
  url             = {http://dx.doi.org/10.1186/s12864-016-2590-9},
  volume          = {17},
  year            = {2016}
}
@article{Tallinn2016,
  author          = {Tallinn, Jaan},
  number          = {3},
  pages           = {1--9},
  title           = {{Der unnat{\"{u}}rliche Feind}},
  year            = {2016}
}
@article{Tantai2015,
  author          = {Tantai, J. C. and Pan, X. F. and Zhao, H.},
  doi             = {10.3389/fnagi.2015.00018},
  isbn            = {0027-8424 (Print)},
  issn            = {11283602},
  journal         = {European Review for Medical and Pharmacological Sciences},
  keywords        = {Co-expression network,Differentially expressed genes,Functional enrichment analysis,Gene regulatory network,Microarray data,Small cell lung cancer},
  number          = {8},
  pages           = {1364--1372},
  pmid            = {21878459},
  title           = {{Network analysis of differentially expressed genes reveals key genes in small cell lung cancer}},
  volume          = {19},
  year            = {2015}
}
@article{Taylor2010,
  author          = {Taylor, Anne M and Dieterich, Daniela C and Ito, Hiroshi T and Kim, Sally A and Erin, M},
  doi             = {10.1016/j.neuron.2010.03.022.Microfluidic},
  journal         = {NIH Public Access Author Manuscript},
  number          = {7491},
  pages           = {57--68},
  title           = {{Manipulation of Synapses}},
  volume          = {66},
  year            = {2010}
}
@article{TELLEY20093341,
  author   = {Telley, Ivo A and Bieling, Peter and Surrey, Thomas},
  doi      = {https://doi.org/10.1016/j.bpj.2009.01.015},
  issn     = {0006-3495},
  journal  = {Biophysical Journal},
  number   = {8},
  pages    = {3341--3353},
  title    = {{Obstacles on the Microtubule Reduce the Processivity of Kinesin-1 in a Minimal In Vitro System and in Cell Extract}},
  url      = {https://www.sciencedirect.com/science/article/pii/S0006349509004780},
  volume   = {96},
  year     = {2009}
}
@article{Thiaville2007,
  author          = {Thiaville, A and Kortright, J B},
  journal         = {Notes},
  number          = {December},
  pages           = {1757--1762},
  title           = {{Protein Friction Limits Diffusive and Directed Movements of Kinesin Motors on Microtubules}},
  volume          = {206},
  year            = {2007}
}
@article{Thomas2002,
  author          = {Thomas, M. J.W.},
  doi             = {10.1046/j.0266-4909.2002.03800.x},
  isbn            = {0266-4909},
  issn            = {02664909},
  journal         = {Journal of Computer Assisted Learning},
  keywords        = {Case study,Conferencing,Discourse analysis,Environmental studies,Online,Questionnaire,Student-centred,Undergraduate},
  number          = {3},
  pages           = {351--366},
  title           = {{Learning within incoherent structures: The space of online discussion forums}},
  volume          = {18},
  year            = {2002}
}
@article{Thomas2020,
  author          = {Thomas, Ezekiel C. ThomasEzekiel C. and Ismael, Amber and Moore, Jeffrey K},
  doi             = {10.1101/2020.07.20.211359},
  isbn            = {9789896540821},
  journal         = {bioRxiv},
  month           = {jan},
  number          = {1},
  pages           = {2020.07.20.211359},
  title           = {{Ase1 domains dynamically slow anaphase spindle elongation and recruit Bim1 to the midzone}},
  url             = {http://biorxiv.org/content/early/2020/07/21/2020.07.20.211359.abstract},
  volume          = {2507},
  year            = {2020}
}
@article{Tips.2008,
  author          = {dynamic protein network controls the fate of microtubule Tips., Tracking the ends: a},
  pages           = {1--3},
  title           = {{Tracking the ends: a dynamic protein network controls the fate of microtubule tips. SUPPLEMENTARY}},
  volume          = {2},
  year            = {2008}
}
@article{Tobias2006,
  author          = {Tobias, John W. and Eckenhoff, Maryellen F. and Xi, Jin and Eckenhoff, Roderic G. and Pan, Jonathan Z.},
  doi             = {10.1021/pr060311u},
  issn            = {1535-3893},
  journal         = {Journal of Proteome Research},
  keywords        = {2d gel electrophoresis,anesthetic,cns,functional classification,membrane proteins,network analysis,protein binding,protein expression,soluble proteins},
  number          = {2},
  pages           = {582--592},
  title           = {{Halothane Binding Proteome in Human Brain Cortex}},
  volume          = {6},
  year            = {2006}
}
@article{Tononi1998,
  archiveprefix   = {arXiv},
  arxivid         = {arXiv:1011.1669v3},
  author          = {Tononi, Giulio and Edelman, Gerald M.},
  doi             = {10.1126/science.282.5395.1846},
  eprint          = {arXiv:1011.1669v3},
  isbn            = {0262523027},
  issn            = {00368075},
  journal         = {Science},
  number          = {5395},
  pages           = {1846--1851},
  pmid            = {9836628},
  title           = {{Consciousness and complexity}},
  volume          = {282},
  year            = {1998}
}
@article{Twardy2012,
  author          = {Twardy, Charles},
  doi             = {10.5840/teachphil200427213},
  journal         = {Teaching Philosophy},
  number          = {2},
  pages           = {95--116},
  title           = {{Argument Maps Improve Critical Thinking}},
  volume          = {27},
  year            = {2012}
}
@article{VanDerLee2014,
  author          = {{Van Der Lee}, Robin and Buljan, Marija and Lang, Benjamin and Weatheritt, Robert J. and Daughdrill, Gary W. and Dunker, A. Keith and Fuxreiter, Monika and Gough, Julian and Gsponer, Joerg and Jones, David T. and Kim, Philip M. and Kriwacki, Richard W. and Oldfield, Christopher J. and Pappu, Rohit V. and Tompa, Peter and Uversky, Vladimir N. and Wright, Peter E. and Babu, M. Madan},
  doi             = {10.1021/cr400525m},
  isbn            = {1545-4509 (Electronic)$\backslash$r0066-4154 (Linking)},
  issn            = {15206890},
  journal         = {Chemical Reviews},
  number          = {13},
  pages           = {6589--6631},
  pmid            = {24606139},
  title           = {{Classification of intrinsically disordered regions and proteins}},
  volume          = {114},
  year            = {2014}
}
@article{VanGelder2012,
  author          = {van Gelder, Tim and Gelder, Tim Van},
  journal         = {Journal of Public Deliberation},
  keywords        = {Keywords democracy,collective wisdom,collective wisdom Acknowledgements,deliberation,deliberation technology,deliberative democracy,democracy},
  number          = {1},
  pages           = {Article 12},
  title           = {{Cultivating Deliberation for Democracy}},
  url             = {http://www.publicdeliberation.net/jpd/vol8/iss1/art12{\%}0Ahttp://www.publicdeliberation.net/jpd},
  volume          = {8},
  year            = {2012}
}
@article{VanSpronsen2016,
  author          = {van Spronsen, Myrrhe and Wulf, Phebe S. and Keijzer, Nanda and Hilbert, Manuel and Mikhaylova, Marina and Ahkmanova, Anna and Kevenaar, Josta T. and Bianchi, Sarah and Hoogenraad, Casper C. and Kapitein, Lukas C. and Harterink, Martin and Olieric, Natacha and Lipka, Joanna and Frias, C{\'{a}}tia P. and de Graaff, Esther and Steinmetz, Michel O.},
  doi             = {10.1016/j.cub.2016.01.048},
  issn            = {09609822},
  journal         = {Current Biology},
  number          = {7},
  pages           = {849--861},
  title           = {{Kinesin-Binding Protein Controls Microtubule Dynamics and Cargo Trafficking by Regulating Kinesin Motor Activity}},
  volume          = {26},
  year            = {2016}
}
@article{Varga2006,
  author   = {Varga, Vladimir and Helenius, Jonne and Tanaka, Kozo and Hyman, Anthony A and Tanaka, Tomoyuki U and Howard, Jonathon},
  doi      = {10.1038/ncb1462},
  issn     = {1476-4679},
  journal  = {Nature Cell Biology},
  number   = {9},
  pages    = {957--962},
  title    = {{Yeast kinesin-8 depolymerizes microtubules in a length-dependent manner}},
  url      = {https://doi.org/10.1038/ncb1462},
  volume   = {8},
  year     = {2006}
}
@article{Varga2009,
  author    = {Varga, Vladimir and Leduc, Cecile and Bormuth, Volker and Diez, Stefan and Howard, Jonathon},
  doi       = {10.1016/j.cell.2009.07.032},
  isbn      = {1097-4172 (Electronic)},
  issn      = {00928674},
  journal   = {Cell},
  keywords  = {CELLBIO},
  number    = {6},
  pages     = {1174--1183},
  pmid      = {19766569},
  publisher = {Elsevier Ltd},
  title     = {{Kinesin-8 Motors Act Cooperatively to Mediate Length-Dependent Microtubule Depolymerization}},
  url       = {http://dx.doi.org/10.1016/j.cell.2009.07.032},
  volume    = {138},
  year      = {2009}
}
@article{Wang2012,
  author          = {Wang, Jian Zhi and Xia, Yi Yuan and Grundke-Iqbal, Inge and Iqbal, Khalid},
  doi             = {10.3233/978-1-61499-154-0-123},
  isbn            = {9781614991533},
  issn            = {22105727},
  journal         = {Advances in Alzheimer's Disease},
  keywords        = {Alzheimer's disease,neurofibrillary degeneration,post-translational modifications of tau,protein kinases,protein phosphatases,tau phosphorylation},
  number          = {June},
  pages           = {123--139},
  pmid            = {22710920},
  title           = {{Abnormal hyperphosphorylation of tau: Sites, regulation, and molecular mechanism of neurofibrillary degeneration}},
  volume          = {3},
  year            = {2012}
}
@article{Waters2009,
  author          = {Waters, Jennifer C.},
  doi             = {10.1083/jcb.200903097},
  isbn            = {0021-9525},
  issn            = {00219525},
  journal         = {Journal of Cell Biology},
  number          = {7},
  pages           = {1135--1148},
  pmid            = {19564400},
  title           = {{Accuracy and precision in quantitative fluorescence microscopy}},
  volume          = {185},
  year            = {2009}
}
@article{weaver,
  annote    = {PMID: 22754615},
  author    = {Weaver, Lesley N and Walczak, Claire},
  doi       = {10.4161/bioa.18427},
  journal   = {BioArchitecture},
  number    = {5},
  pages     = {236--239},
  publisher = {Taylor {\&} Francis},
  title     = {{Kinesin-8s hang on by a tail}},
  url       = {https://doi.org/10.4161/bioa.18427},
  volume    = {1},
  year      = {2011}
}
@article{Wegmann,
  author   = {Wegmann, Susanne and Eftekharzadeh, Bahareh and Tepper, Katharina and Zoltowska, Katarzyna M and Bennett, Rachel E and Dujardin, Simon and Laskowski, Pawel R and MacKenzie, Danny and Kamath, Tarun and Commins, Caitlin and Vanderburg, Charles and Roe, Allyson D and Fan, Zhanyun and Molliex, Amandine M and Hernandez-Vega, Amayra and Muller, Daniel and Hyman, Anthony A and Mandelkow, Eckhard and Taylor, J Paul and Hyman, Bradley T},
  doi      = {https://doi.org/10.15252/embj.201798049},
  journal  = {The EMBO Journal},
  keywords = { Alzheimer's disease, liquid-liquid phase separation, phosphorylation, tau,aggregation},
  number   = {7},
  pages    = {e98049},
  title    = {{Tau protein liquid-liquid phase separation can initiate tau aggregation}},
  url      = {https://www.embopress.org/doi/abs/10.15252/embj.201798049},
  volume   = {37},
  year     = {2018}
}
@article{Whitesides2002,
  archiveprefix   = {arXiv},
  arxivid         = {arXiv:1011.1669v3},
  author          = {Whitesides, G. M.},
  doi             = {10.1126/science.1070821},
  eprint          = {arXiv:1011.1669v3},
  isbn            = {9780874216561},
  issn            = {00368075},
  journal         = {Science},
  number          = {5564},
  pages           = {2418--2421},
  pmid            = {11923529},
  title           = {{Self-Assembly at All Scales}},
  url             = {http://www.sciencemag.org/cgi/content/abstract/295/5564/2418{\%}0Ahttp://www.sciencemag.org/cgi/doi/10.1126/science.1070821},
  volume          = {295},
  year            = {2002}
}
@article{Wilmes2016,
  author          = {Wilmes, Katharina A. and Sprekeler, Henning and Schreiber, Susanne},
  doi             = {10.1371/journal.pcbi.1004768},
  issn            = {15537358},
  journal         = {PLoS Computational Biology},
  number          = {3},
  pages           = {1--27},
  pmid            = {27003565},
  title           = {{Inhibition as a Binary Switch for Excitatory Plasticity in Pyramidal Neurons}},
  url             = {http://dx.doi.org/10.1371/journal.pcbi.1004768},
  volume          = {12},
  year            = {2016}
}
@article{Wittmann2001,
  author          = {Wittmann, T and Hyman, a and Desai, a},
  doi             = {10.1038/35050669},
  isbn            = {1465-7392},
  issn            = {1465-7392},
  journal         = {Nature cell biology},
  number          = {1},
  pages           = {E28--E34},
  pmid            = {11146647},
  title           = {{The spindle: a dynamic assembly of microtubules and motors.}},
  volume          = {3},
  year            = {2001}
}
@article{Woese,
  author          = {Woese, Carl R.},
  doi             = {10.1128/MMBR.68.2.173-186.2004},
  isbn            = {9780309144889},
  issn            = {1092-2172},
  journal         = {Microbiology and Molecular Biology Reviews},
  month           = {6},
  number          = {2},
  pages           = {173--186},
  pmid            = {20662113},
  title           = {{A New Biology for a New Century}},
  url             = {http://doi.wiley.com/10.1890/1540-9295-7.9.455 https://mmbr.asm.org/content/68/2/173},
  volume          = {68},
  year            = {2004}
}
@article{Wordeman2005,
  author          = {Wordeman, Linda},
  doi             = {10.1016/j.ceb.2004.12.003},
  isbn            = {1530-8995 (Electronic) 1081-0706 (Linking)},
  issn            = {09550674},
  journal         = {Current Opinion in Cell Biology},
  number          = {1},
  pages           = {82--88},
  pmid            = {23875646},
  title           = {{Microtubule-depolymerizing kinesins}},
  volume          = {17},
  year            = {2005}
}
@article{Xi2004,
  author          = {Xi, Jin and Liu, Renyu and Asbury, G. Reid and Eckenhoff, Maryellen F. and Eckenhoff, Roderic G.},
  doi             = {10.1074/jbc.M313864200},
  issn            = {00219258},
  journal         = {Journal of Biological Chemistry},
  number          = {19},
  pages           = {19628--19633},
  title           = {{Inhalational Anesthetic-binding Proteins in Rat Neuronal Membranes}},
  volume          = {279},
  year            = {2004}
}
@article{Xue2016,
  author          = {Xue, Dezhen and Theiler, James and Balachandran, Prasanna V. and Lookman, Turab and Hogden, John and Xue, Deqing},
  doi             = {10.1038/ncomms11241},
  journal         = {Nature Communications},
  number          = {1},
  pages           = {1--14},
  title           = {{Accelerated search for materials with targeted properties by adaptive design}},
  volume          = {7},
  year            = {2016}
}
@article{Zanic2013,
  author          = {Zanic, Marija and Widlund, Per O and Hyman, Anthony a and Howard, Jonathon},
  doi             = {10.1038/ncb2744},
  issn            = {1476-4679},
  journal         = {Nature cell biology},
  number          = {5},
  pages           = {1--8},
  pmid            = {23666085},
  publisher       = {Nature Publishing Group},
  title           = {{Synergy between XMAP215 and EB1 increases microtubule growth rates to physiological levels.}},
  url             = {http://www.ncbi.nlm.nih.gov/pubmed/23666085},
  volume          = {15},
  year            = {2013}
}
@article{Zehr2017,
  author          = {Zehr, Elena and Szyk, Agnieszka and Piszczek, Grzegorz and Szczesna, Ewa and Zuo, Xiaobing and Roll-Mecak, Antonina},
  doi             = {10.1038/nsmb.3448},
  issn            = {15459985},
  journal         = {Nature Structural and Molecular Biology},
  number          = {9},
  pages           = {717--725},
  pmid            = {28783150},
  publisher       = {Nature Publishing Group},
  title           = {{Katanin spiral and ring structures shed light on power stroke for microtubule severing}},
  volume          = {24},
  year            = {2017}
}
@article{Castro2018,
   author = {Eric R Castro and Mark D Tarn and Pavlína Ginterová and Hanliang Zhu and Ying Xu and Pavel Neužil},
   doi = {10.1007/s10404-018-2066-0},
   issn = {1613-4982},
   issue = {5},
   journal = {Microfluidics and Nanofluidics},
   month = {5},
   pages = {51},
   publisher = {Springer},
   title = {Determination of dynamic contact angles within microfluidic devices},
   volume = {22},
   url = {http://link.springer.com/10.1007/s10404-018-2066-0},
   year = {2018},
}
@article{Zhang2020,
   author = {Haoqing Zhang and Jan Pekárek and Jianguo Feng and Xiaocheng Liu and Huanan Li and Hanliang Zhu and Vojtěch Svatoš and Imrich Gablech and Pavel Podešva and Sheng Ni and Levent Yobas and Pavel Neužil},
   doi = {10.1116/6.0000562},
   issn = {2166-2746},
   issue = {6},
   journal = {Journal of Vacuum Science and Technology B},
   month = {11},
   pages = {063002},
   publisher = {American Vacuum Society},
   title = {nanolithography toolbox —Simplifying the design complexity of microfluidic chips},
   volume = {38},
   url = {http://avs.scitation.org/doi/10.1116/6.0000562},
   year = {2020},
}

@article{Zhang2018,
  author          = {Zhang, Rui and LaFrance, Benjamin and Nogales, Eva},
  doi             = {10.1073/pnas.1802637115},
  issn            = {0027-8424},
  journal         = {Proceedings of the National Academy of Sciences},
  number          = {27},
  pages           = {E6191--E6200},
  pmid            = {29915050},
  title           = {{Separating the effects of nucleotide and EB binding on microtubule structure}},
  url             = {http://www.pnas.org/lookup/doi/10.1073/pnas.1802637115},
  volume          = {115},
  year            = {2018}
}
@article{Ziepke2016,
  author          = {Ziepke, A. and Martens, S. and Engel, H.},
  doi             = {10.1063/1.4962173},
  issn            = {00219606},
  journal         = {Journal of Chemical Physics},
  number          = {9},
  title           = {{Wave propagation in spatially modulated tubes}},
  volume          = {145},
  year            = {2016}
}
